2384 4062
432 418 452 451 1
464 400 533 452 80
1195 411 1312 444 ‘rmu
1327 409 1420 444 LLE

573 516 879 583 Tractaque
915 512 981 564 de
1016 510 1178 562 niueo
1213 508 1421 560 uellere
1458 507 1621 559 ducta
1655 515 1852 577 putat;
2120 506 2197 560 80
2254 541 2258 542 γ

432 604 581 655 Hanc
616 602 796 653 animo
834 600 1108 674 gaudente
1143 597 1337 650 uident
1368 596 1743 664 iuuenumque
1778 603 2035 645 cateruae

581 691 1027 742 Commemorant
1061 685 1255 737 merito
1290 694 1373 735 tot
1406 683 1547 734 mala
1582 682 1726 733 ferre
1762 699 1987 744 senem3

432 780 582 830 Hanc
616 779 800 831 Venus
835 795 900 827 ex
933 775 1042 826 alto
1078 773 1301 825 flentem
1338 770 1590 823 sublimis
1628 770 1866 840 Olympo

583 867 807 936 Spectat
840 874 894 915 et
925 862 1109 914 infidis
1145 880 1308 932 quam
1348 859 1419 911 sit
1452 859 1650 910 acerba
1685 868 1896 909 monet.

435 955 578 1005 Ilaec
612 953 733 1004 aliis
769 951 1057 1003 maledicta
1092 949 1321 1010 cadant3
1360 967 1480 1008 nos,
1518 946 1697 1008 Delia,
1737 945 1940 997 amoris
2121 946 2196 999 85

580 1040 906 1110 Exemplum
942 1057 1076 1089 cana
1111 1036 1281 1088 simus
1316 1046 1550 1105 uterque
1587 1053 1762 1085 coma.

1268 1389 1364 1441 VII

436 1656 588 1706 Hunc
623 1654 871 1705 cecinere
907 1653 1051 1705 diem
1086 1655 1287 1706 Parcae
1323 1651 1510 1704 fatalia
1543 1662 1738 1704 nentes

587 1742 831 1794 Stamina
864 1762 974 1794 non
1007 1741 1107 1793 ulli
1141 1741 1498 1794 dissoluenda
1532 1741 1657 1803 deo,

435 1832 589 1882 Hunc
626 1829 762 1893 fore,
799 1830 1102 1902 Aquitanas
1138 1840 1327 1901 posset
1360 1829 1455 1900 qui
1490 1828 1723 1881 fundere
1760 1839 1978 1903 gentes,

584 1920 759 1983 Quem
791 1930 1056 1970 tremeret
1089 1918 1219 1970 forti
1253 1918 1428 1970 milite
1463 1918 1643 1970 uictus
1678 1917 1848 1980 Atax3

435 2009 685 2059 Euenere
718 2028 727 2058 :
766 2027 939 2059 nouos
973 2009 1148 2078 pubes
1183 2008 1431 2059 Romana
1464 2007 1777 2078 triumphos
2166 2007 2200 2059 5

582 2095 733 2149 Vidit
767 2106 821 2147 et
853 2096 1102 2147 euinctos
1137 2095 1396 2148 bracchia
1427 2106 1588 2166 capta
1621 2095 1814 2157 duces,

434 2186 504 2236 At
536 2196 588 2236 te
626 2184 880 2236 uictrices
915 2185 1120 2246 lauros,
1158 2184 1437 2246 Messalla,
1478 2194 1766 2258 gerentem

581 2274 841 2324 Portabat
873 2272 1064 2324 nitidis
1100 2293 1293 2324 currus
1330 2274 1574 2324 eburnus
1610 2272 1789 2343 equis.

434 2363 551 2413 Non
588 2361 703 2412 sine
740 2372 880 2412 mest
911 2361 1014 2412 tibi
1048 2372 1238 2432 partus
1273 2362 1449 2413 honos
1481 2381 1491 2412 ε
1531 2360 1795 2413 Tarbella
1829 2362 2043 2432 Pyrene

580 2449 758 2500 Testis
793 2461 846 2501 et
880 2449 1086 2501 Oceani
1119 2449 1283 2502 litora
1322 2449 1635 2511 Santonici,
2138 2466 2206 2502 10

489 2676 560 2722 84.
589 2693 705 2725 quam
742 2678 794 2720 V2
814 2693 868 2718 en
894 2693 1057 2734 marge,
1092 2687 1196 2726 quod
1219 2679 1426 2721 Ανηέινκῑῖ·ι
1455 2678 1620 2733 (Ambr.
1656 2692 1710 2718 en
1735 2676 1942 2734 abrege);
1978 2691 2035 2719 on
2061 2677 2200 2719 hesite

430 2745 453 2784 a
474 2743 618 2784 laisser
638 2745 661 2784 a
681 2742 849 2787 Tibulle
873 2743 912 2785 13
936 2745 1227 2786 construction
1243 2744 1547 2801 postclassique
1565 2758 1663 2785 avec
1688 2752 1791 2792 quod
1815 2758 1900 2800 que
1923 2742 1986 2784 lui
2011 2742 2201 2786 attribue

434 2809 475 2850 la
497 2809 714 2850 tradition.
1747 2811 1749 2814 “

487 2963 524 3007 I.
548 2961 586 3002 V
590 2962 646 3015 ΙΙ,
673 2963 715 3007 6.
744 2960 893 3005 euictos
921 2964 986 3011 V2,
1018 2962 1143 3006 uictos
1162 2965 1223 3020 (in
1246 2964 1390 3021 ajoute
1411 2963 1566 3005 devant
1595 2963 1636 3004 le
1664 2968 1755 3004 mot
1778 2977 1855 3019 par
1884 2978 1971 3004 une
1996 2963 2115 3005 main
2135 2963 2208 3005 re-

428 3029 570 3083 cente)
591 3030 752 3079 Amr„
778 3027 837 3077 Ξ
857 3038 981 3071 uictos
1013 3031 1061 3072 V¹
1084 3046 1094 3083 ;
1122 3031 1162 3071 la
1187 3031 1425 3072 correction
1449 3029 1507 3070 de·
1528 3031 1578 3071 V2
1595 3030 1810 3086 s'impose.
1830 3029 2066 3086 L'original
2089 3030 2206 3072 avait

430 3095 641 3151 peut-etro
666 3095 705 3135 13
730 3096 845 3136 faute
863 3094 988 3137 uictos
1001 3097 1043 3152 (e
1062 3097 1180 3153 passe
1202 3099 1225 3138 a
1245 3111 1369 3138 cause
1387 3096 1439 3136 de
1456 3102 1495 3136 et
1511 3095 1776 3152 precedant),
1796 3095 2044 3153 reproduite
2057 3095 2205 3138 fidele-

433 3166 552 3201 ment
571 3176 646 3217 par
663 3162 788 3202 Ambr
802 3163 832 3203 ¹.
853 3178 864 3215 3
892 3162 923 3202 il
948 3168 1010 3203 est
1028 3163 1211 3219 possible
1236 3179 1320 3220 que
1353 3165 1387 3206 V
1402 3162 1461 3204 ait
1481 3162 1691 3219 interpole
1711 3170 1882 3204 inuictos
1897 3177 2009 3220 pour
2027 3162 2207 3205 retablir

430 3225 469 3267 le
496 3229 646 3277 metro,
673 3236 713 3267 in
739 3243 841 3269 aura
858 3229 923 3270 ete
943 3230 1078 3285 gratte
1097 3245 1266 3282 comme
1281 3229 1494 3271 contraire
1511 3243 1565 3270 au
1580 3243 1688 3270 sens.
1708 3254 1766 3259 —-
1783 3228 1825 3274 8.
1841 3236 1979 3270 nitidis
1995 3229 2137 3272 Ambr.
2151 3231 2203 3277 V,

426 3301 555 3333 niueis
583 3293 638 3341 T,
665 3294 969 3350 interpolation
993 3301 1180 3346 savante,
1201 3310 1326 3352 parce
1352 3311 1436 3352 que
1461 3295 1521 3336 les
1546 3295 1737 3336 chevaux
1767 3295 1840 3336 des
1864 3295 2205 3352 triomphateurs

425 3358 583 3399 etaient
607 3358 765 3400 blancs.
810 3385 860 3392 —
899 3361 940 3405 9.
982 3371 1164 3403 Tarbella
1203 3361 1410 3418 Scaliger,
1448 3361 1687 3403 correction
1723 3361 1975 3413 excellente,
2004 3373 2068 3403 tua
2092 3370 2197 3403 bena

426 3425 566 3466 Ambr.
583 3426 626 3471 V,
656 3427 902 3482 corruption
929 3427 1033 3468 d'un
1059 3443 1162 3470 nom
1189 3427 1510 3485 geographique
1534 3427 1728 3469 inconnu
1749 3427 1808 3469 du
1829 3426 1984 3470 scribe.
