2384 4062
0 0 23 176 ξ

27 705 46 731 ὲ

28 734 41 753 ,⁸

30 756 36 770 ς

28 793 37 800 0

188 0 249 27 *¹212
275 0 283 14 2¹
315 3 318 6 Α

46 259 69 284 ’λ’

51 524 60 532 ..

1081 446 1293 478 TIBULLE
1968 443 1995 478 2
2010 444 2029 478 1
2042 426 2072 478 3

294 555 438 608 Cum
475 574 580 627 qua
615 552 841 607 fecundi
876 552 1166 605 redierunt
1199 571 1431 604 munera
1465 550 1631 613 ruris,

441 644 648 697 Caseus
684 654 739 695 et
771 641 967 694 niueae
1003 641 1275 694 candidus
1310 660 1486 715 agnus
1522 639 1643 692 ouis
1676 660 1782 690 —:

283 754 314 783 «
353 731 601 807 Impiger
633 732 841 794 Aenea,
875 730 1165 783 uolitantis
1201 729 1375 781 frater
1407 728 1652 790 Amoris,

434 821 634 874 Troica
669 820 764 894 qui
797 818 1053 894 profugis
1089 838 1245 871 sacra
1277 818 1438 871 uehis
1475 818 1710 879 ratibUS,
2004 817 2073 876 [ιο

281 911 396 962 Iam
430 910 536 963 tibi
570 913 876 964 Laurentes
913 909 1172 981 adsignat
1206 907 1462 980 Iuppiter
1494 926 1682 981 agros,

435 1001 548 1052 Iam
582 1010 746 1052 uocat
777 1008 1027 1051 errantes
1062 997 1288 1070 hospita
1320 1007 1472 1049 terra
1506 998 1672 1048 Lares
1704 1015 1715 1059 ;

282 1088 404 1140 Illic
440 1099 662 1141 sanctus
699 1087 830 1150 eris,
869 1107 994 1139 cum
1029 1098 1084 1140 te
1114 1086 1435 1139 ueneranda
1467 1084 1687 1138 Numici

431 1177 591 1232 Vnda
625 1177 790 1230 deum
827 1177 980 1229 caelo
1018 1176 1238 1228 miserit
1270 1175 1601 1250 indigetem.

280 1268 425 1319 Ecce
461 1286 630 1339 super
664 1266 839 1319 fessas
873 1266 1078 1318 uolitat
1111 1265 1360 1320 Victoria
1395 1283 1613 1336 puppes
1999 1264 2067 1324 [15

427 1388 501 1395 —
533 1355 782 1408 Tandem
819 1355 888 1408 ad
923 1354 1195 1408 Troianos
1231 1354 1361 1407 diua
1395 1354 1639 1426 superba
1670 1352 1829 1405 uenit
1859 1384 1952 1415 -,

279 1445 424 1501 Ecce
459 1445 596 1497 mihi
631 1445 823 1497 lucent
855 1444 1079 1497 Rutulis
1112 1443 1370 1496 incendia
1405 1442 1637 1506 castris;

430 1535 543 1587 lam
576 1534 682 1587 tibi
717 1534 1006 1606 praedico,
1044 1535 1282 1586 barbare
1317 1535 1525 1595 Turne,
1563 1551 1777 1584 necem.

276 1622 421 1676 Ante
457 1623 649 1676 oculos
683 1626 932 1676 Laurens
969 1634 1210 1675 castrum
1248 1642 1552 1694 murusque
1586 1621 1839 1693 Lauinist

427 1711 680 1786 Albaque
718 1714 785 1765 ab
819 1713 1058 1765 Ascanio
1095 1712 1320 1765 condita
1353 1714 1544 1786 Longa
1578 1711 1718 1764 duce
1750 1731 1760 1774 ;
1995 1712 2064 1763 50

274 1802 354 1854 Το
391 1821 615 1875 quoque
650 1802 759 1854 iam
793 1802 981 1864 uideo,
1020 1802 1187 1854 Marti
1221 1801 1496 1873 placitura
1531 1800 1813 1862 sacerdos,

428 1876 549 1954 Ilia,
587 1891 841 1946 Vestales
876 1891 1193 1943 deseruisse
1230 1890 1382 1943 focos

274 1980 736 2052 Concubitusque
771 1992 896 2033 tuos
933 1980 1124 2033 furtim
1160 1981 1438 2052 uittasque
1473 1980 1717 2032 iacentes

429 2071 501 2122 Et
533 2069 724 2142 cupidi
758 2070 827 2122 ad
863 2070 1011 2142 ripas
1047 2090 1198 2122 arma
1234 2070 1428 2121 relicta
1463 2069 1572 2122 dei.

272 2155 507 2231 Carpite
541 2179 711 2221 nunc,
749 2159 916 2222 tauri,
956 2159 1022 2211 de
1059 2170 1274 2231 septem
1310 2159 1594 2211 montibus
1630 2159 1855 2219 herbaS,
1992 2158 2060 2210 55

423 2248 568 2300 Dum
603 2247 769 2300 licet:
808 2247 899 2300 hic
937 2268 1168 2322 magnae
1203 2248 1311 2300 iam
1347 2248 1502 2300 locus
1538 2247 1693 2299 urbis
1729 2247 1853 2299 erit.

274 2331 473 2399 Ro'ma,
515 2347 668 2389 tuum
703 2356 909 2389 nomen
942 2337 1110 2389 terris
1140 2336 1305 2390 fatale
1342 2337 1628 2411 regendis,

424 2426 545 2491 Qua
579 2446 677 2478 sua
711 2426 779 2479 de
814 2426 966 2479 caelo
1005 2426 1279 2498 prospicit
1312 2447 1444 2478 arua
1480 2427 1649 2479 Ceres

269 2514 506 2587 Quaque
541 2525 736 2587 patent
769 2526 923 2567 ortus
959 2526 1014 2568 et
1046 2535 1154 2588 qua
1187 2514 1535 2568 fluitantibus
1569 2515 1734 2567 undis

425 2603 571 2657 Solis
606 2605 931 2657 anhelantes
967 2605 1146 2657 abluit
1179 2605 1355 2657 amnis
1391 2625 1599 2676 equos3
1985 2605 2055 2656 60

268 2692 440 2745 Troia
475 2693 701 2765 quidem
735 2704 869 2746 tunc
904 2713 962 2746 se
998 2694 1296 2746 mirabitur
1331 2706 1386 2746 et
1419 2695 1528 2746 sibi
1562 2694 1712 2747 dicet

419 2783 530 2836 Vos
565 2783 708 2835 bene
746 2793 855 2835 tarn
891 2783 1061 2858 longa
1095 2784 1445 2836 consuluisse
1481 2783 1588 2835 uia.

265 2967 419 3009 maison
440 2967 500 3009 du
526 2974 618 3011 mot
638 2968 886 3026 precedent.
913 2995 972 3001 —
995 2970 1069 3015 40.
1111 2979 1254 3012 Troica
1291 2971 1454 3016 Ambr.,
1485 2979 1618 3019 Troya
1658 2971 1703 3015 V,
1746 2984 1765 3009 c
1796 2968 1941 3025 ajoute
1980 2982 2056 3009 au-

265 3033 414 3076 dessus
434 3050 512 3091 par
540 3036 608 3077 V2.
634 3060 687 3067 -
713 3035 787 3081 44.
826 3045 1048 3086 indigitem,
1072 3054 1134 3078 em
1159 3043 1399 3094 provenant
1433 3037 1486 3077 de
1511 3035 1767 3087 correction,
1811 3035 1954 3077 Ambr.
1997 3059 2054 3066 -

267 3099 342 3145 47.
369 3109 524 3142 Rutulis
548 3102 603 3153 ς,
627 3111 760 3143 rutih‘s
780 3103 922 3144 Ambr.
939 3106 984 3151 V,
1019 3104 1394 3146 moconnaissance
1417 3103 1523 3144 d’un
1548 3118 1652 3144 nom
1676 3117 1848 3159 propre.
1884 3127 1942 3133 —
1976 3101 2050 3145 49.

264 3178 442 3208 castrum
471 3168 512 3214 <1-
518 3201 527 3219 ‚
555 3177 699 3210 castris
718 3170 863 3211 Ambr.
879 3172 924 3216 V,
961 3171 1037 3227 qui
1066 3172 1204 3228 paruit
1235 3171 1439 3228 provenit
1468 3170 1527 3211 du
1551 3185 1645 3210 vers
1669 3169 1754 3221 473
1782 3169 1822 3210 la
1840 3169 1957 3209 faute
1981 3167 2054 3209 de—

268 3238 370 3275 note
401 3248 488 3275 une
529 3235 765 3291 singulibre
802 3236 1133 3294 inintelligcncc
1170 3237 1229 3278 du
1266 3243 1396 3278 texte.
1438 3262 1489 3268 —-
1524 3236 1598 3281 53.
1638 3245 1835 3284 uittasque
1877 3236 1933 3286 (ς’,
1972 3243 2054 3276 uic-

266 3311 408 3348 &asque
448 3301 652 3348 Ambr.V,
692 3303 922 3344 confusion
955 3303 1015 3344 du
1044 3310 1125 3346 tet
1157 3304 1216 3345 du
1258 3319 1303 3356 c;
1343 3305 1399 3345 cf.
1435 3303 1454 3344 I
1488 3303 1530 3351 6,
1570 3303 1642 3359 67.
1683 3329 1741 3334 —
1780 3302 1852 3346 55.
1894 3311 2053 3350 carpite

267 3366 410 3408 Ambr.
446 3367 517 3418 ΥΞ,
540 3377 676 3415 Capite
705 3369 772 3416 V¹,
801 3368 928 3410 lettre
945 3370 1106 3426 pass6e,
1132 3377 1224 3412 mot
1244 3370 1367 3411 usuel
1385 3369 1596 3411 substitue
1612 3372 1634 3410 ὲ
1650 3385 1711 3410 un
1726 3375 1818 3410 mot
1830 3368 1926 3425 plus
1939 3383 2049 3409 rare.

265 3456 317 3464 -
347 3432 421 3477 62.
447 3442 613 3483 Ionqa...
640 3444 705 3475 uia
746 3436 801 3487 (ἶ,
827 3445 1034 3485 Ionqam...
1063 3446 1168 3478 uiam
1196 3438 1338 3478 Ambr.
1355 3438 1399 3483 V,
1438 3438 1556 3478 faute
1581 3436 1656 3492 qui
1688 3436 1827 3492 parait
1849 3434 2053 3492 provenir

261 3497 320 3540 de
340 3497 703 3557 l'inintclligence
730 3500 786 3542 du
813 3508 926 3543 texte
955 3503 1098 3559 plutot
1122 3518 1206 3560 que
1227 3503 1280 3544 dc
1304 3502 1554 3544 l'inssuence
1578 3502 1631 3543 dc
1654 3515 1731 3544 tam
1753 3502 1828 3558 qui
1851 3500 2047 3558 precede.
