2384 4062
354 393 459 429 200
497 439 502 442 ι
1132 389 1342 422 TIBULLE

351 502 502 554 Rure
537 498 678 551 leuis
713 516 886 550 uerno
922 494 1086 547 flores
1121 494 1238 566 apis
1272 494 1480 568 ingerit
1514 494 1695 555 alueo,

504 586 793 658 Compleat
826 596 886 637 ut
920 583 1068 636 dulci
1104 583 1294 635 sedula
1330 582 1492 634 melle
1524 581 1698 634 fauOS.

353 675 615 751 Agricola
648 673 879 726 adsiduo
915 672 1156 744 primum
1192 671 1419 722 satiatus
1455 680 1635 721 aratro

506 762 764 817 Cantauit
796 771 947 813 certo
984 759 1190 811 rustica
1223 759 1395 811 uerba
1428 758 1569 829 pede

347 842 429 907 'Et
461 863 612 906 satur
646 850 824 902 arenti
858 849 1156 920 primumst
1189 846 1504 898 modulatus
1539 865 1712 898 auena
2332 818 2378 910 ἷξε

505 939 761 1000 Carmen,
798 948 859 989 ut
893 947 1116 988 ornatos
1153 935 1364 986 diceret
1397 946 1522 986 ante
1557 934 1713 996 deos,
2330 928 2384 1004 ξ

358 1026 618 1101 Agricola
653 1036 707 1078 et
741 1025 910 1076 minio
948 1023 1209 1085 suffusus,
1246 1024 1482 1084 Bacche,
1522 1021 1744 1074 rubenti
2055 1025 2132 1078 55·
2323 1003 2374 1074 P

506 1114 723 1167 Primus
757 1113 1046 1183 inexperta
1080 1111 1236 1163 duxit
1270 1112 1336 1162 ab
1373 1121 1488 1162 arte
1523 1111 1722 1163 choros
1750 1130 1761 1173 ;
2189 1170 2193 1175 ἡ
2259 1149 2261 1154 .
2316 1077 2384 1244 4

361 1202 498 1254 Huic
534 1202 691 1254 datus
726 1221 755 1252 a
790 1201 978 1272 pleno,
1016 1199 1377 1251 memorabile
1413 1219 1632 1261 munus,
1671 1199 1805 1251 ouili

2346 1279 2365 1295 φ

510 1290 632 1342 Dux
664 1288 918 1360 pecoris;
957 1291 1184 1339 meritus
1219 1287 1334 1338 laus
1370 1297 1488 1338 erat
1520 1286 1707 1339 hircus
1741 1290 1883 1339 auis.

363 1380 511 1431 Rure
545 1397 683 1449 puer
715 1397 887 1429 uerno
922 1375 1162 1448 primum
1198 1375 1265 1427 de
1301 1374 1434 1427 flore
1469 1395 1730 1427 coronam
2338 1398 2377 1444 «q

510 1466 666 1518 Fecit
699 1476 753 1517 et
787 1464 1028 1536 antiquis
1062 1463 1328 1534 imposuit
1361 1464 1615 1526 Laribus,
1691 1448 1697 1454 ’
1850 1487 1852 1490 ·
2059 1464 2137 1517 60'
2228 1483 2231 1487 ’
2331 1450 2382 1522 ΣΞ

365 1555 513 1607 Rure
549 1554 711 1605 etiam
747 1553 955 1604 teneris
992 1571 1178 1604 curam
1214 1551 1526 1604 exhibitura
1559 1552 1760 1623 puellis
1826 1619 1831 1624 ‘
1894 1623 1898 1626 Ι
2338 1544 2368 1562 ”⁴

512 1642 679 1693 Molle
717 1641 862 1715 gerit
893 1651 1053 1712 tergo
1087 1640 1270 1692 lucida
1303 1640 1483 1692 uellus
1519 1641 1673 1704 ouis;
2347 1617 2358 1640 ²

370 1730 509 1782 Hinc
545 1741 598 1782 et
631 1728 902 1781 femineus
938 1729 1094 1780 labor
1130 1739 1233 1790 est,
1272 1728 1401 1780 hinc
1436 1748 1609 1800 pensa
1648 1728 1912 1800 colusque

513 1819 690 1870 Fusus
726 1829 780 1870 et
815 1817 1070 1888 apposito
1105 1816 1307 1888 pollice
1342 1828 1530 1869 uersat
1563 1837 1701 1889 opus
2341 1843 2384 1892 »ς’

366 1906 546 1978 Atque
583 1906 765 1978 aliqua
800 1906 1029 1958 adsidue
1065 1906 1269 1957 textrix
1303 1916 1528 1977 operata
1562 1906 1870 1958 mineruam
2059 1906 2136 1958 65
2326 1912 2345 1925 ⁹

517 1995 714 2047 Cantat
747 2006 801 2046 et
835 1994 1066 2065 appulso
1103 1994 1213 2046 tela
1248 2005 1407 2046 sonat
1437 1994 1630 2047 latere.
2323 1983 2381 2081 ’Ξ

369 2084 492 2154 Ipse
530 2102 747 2155 quoque
782 2082 927 2134 inter
961 2102 1126 2156 agros
1161 2082 1418 2154 interque
1453 2079 1702 2135 armenta
1735 2082 1949 2154 Cupido

366 2222 440 2267 [49.
484 2230 634 2272 ingerit
672 2224 777 2264 Eoec.
819 2224 942 2270 Par„
978 2231 1137 2272 inqerat
1176 2223 1381 2264 Ambr.V.
1420 2249 1475 2253 —
1516 2222 1589 2268 50.
1630 2235 1671 2264 ut
1702 2224 1805 2264 Eme.
1841 2223 1945 2264 Par.
1990 2221 2058 2268 V2‚
2097 2232 2146 2262 et
2187 2277 2190 2279 ‚

364 2288 508 2330 Ambr.
526 2289 594 2335 V¹‚
619 2289 736 2329 faute
754 2288 807 2329 de
821 2288 1001 2340 lecture,
1019 2289 1095 2345 qui
1114 2304 1136 2330 a
1154 2304 1248 2330 sans
1266 2289 1395 2331 doute
1409 2289 1586 2346 produit
1609 2289 1706 2346 plus
1726 2288 1820 2330 tard
1838 2288 1879 2330 13
1899 2287 2136 2330 correction

369 2354 599 2410 fourvoyee
620 2354 678 2394 du
697 2369 791 2395 vers
814 2354 1073 2411 precedent:
1104 2365 1299 2403 compleat
1337 2370 1360 2397 3
1388 2371 1496 2412 paru
1529 2355 1701 2412 appeler
1723 2364 1894 2404 inqerat,
1919 2362 2069 2403 ingerit
2099 2364 2146 2394 et

371 2429 566 2468 commeat
589 2421 706 2462 etant
738 2421 1090 2461 manifestement
1114 2421 1256 2462 fautif.
1290 2448 1344 2452 —-
1367 2421 1439 2466 54.
1470 2431 1621 2464 diceret
1652 2422 1717 2469 V2,
1746 2431 1907 2463 duceret
1930 2420 2134 2465 Ambr.V‚

370 2485 446 2542 qui
475 2491 580 2542 peut
614 2487 815 2543 provenir
851 2486 903 2527 de
939 2502 986 2528 ce
1026 2487 1162 2543 qu’un
1202 2488 1363 2545 copiste
1405 2503 1428 2529 a
1471 2489 1538 2530 ete
1566 2487 1783 2542 influence
1814 2501 1892 2544 par
1928 2495 2042 2541 duxit
2077 2484 2139 2526 du

369 2566 464 2593 vers
487 2552 559 2596 56.
584 2578 640 2583 -
662 2552 734 2597 58.
761 2562 927 2594 meritus
964 2563 1051 2594 1aus
1087 2566 1174 2595 erat
1197 2563 1333 2596 hircus
1353 2563 1440 2596 auis
1477 2553 1572 2606 AC,
1607 2570 1731 2604 yrcus
1764 2563 1964 2596 hauxerat
1981 2554 2029 2608 (h
2063 2567 2136 2593 ex-

370 2618 601 2674 ponetuee)
631 2635 752 2668 yrcus
784 2635 878 2660 oues
918 2620 1081 2670 Ambr.,
1123 2629 1273 2669 hyrcus
1315 2629 1506 2662 hauserat
1541 2621 1735 2676 (auxerat
1784 2621 1836 2663 V2
1879 2634 1934 2661 en
1969 2619 2138 2675 margo)

370 2693 521 2733 hyrcus
537 2700 631 2726 oues
661 2687 719 2737 V;
744 2700 917 2741 passage
931 2684 1151 2742 desespere
1172 2702 1181 2738 ;
1204 2686 1243 2726 le
1256 2692 1369 2728 texte
1382 2687 1499 2728 etant
1512 2686 1682 2728 devenu
1705 2685 1896 2740 illisible,
1921 2684 2143 2742 peut-&tre

372 2765 449 2806 par
472 2750 582 2791 suite
602 2750 707 2791 d’un
727 2750 959 2808 dommage
979 2751 1073 2792 subi
1095 2766 1172 2808 par
1195 2752 1233 2793 le
1250 2753 1593 2808 parchemin,un
1612 2753 1772 2810 copiste
1797 2767 1820 2794 a
1842 2749 2067 2808 reproduit
2090 2765 2139 2792 ce
2359 2737 2384 2810 a}

373 2815 482 2872 qu’il
506 2816 667 2873 croyait
685 2815 765 2857 lire
789 2823 832 2858 et
855 2816 1022 2858 comble
1046 2817 1424 2860 maladroitement
1445 2819 1695 2875 (lui-meme
1718 2834 1775 2861 ou
1794 2833 1856 2859 un
1879 2817 1932 2858 de
1959 2832 2023 2858 ses
2045 2831 2149 2858 suc-
2340 2807 2384 2883 ’ξ

374 2882 583 2937 cesseurs)
608 2882 648 2923 la
678 2881 831 2924 lacune
852 2897 951 2924 avec
975 2882 1036 2924 les
1061 2889 1172 2924 mots
1195 2884 1370 2926 voisins.
1398 2885 1422 2926 J
1429 2885 1481 2926 'ai
1500 2886 1642 2941 essaye
1666 2885 1720 2926 de
1740 2890 1963 2926 retrouver
1983 2882 2025 2924 le
2044 2897 2147 2924 sens-
2195 2913 2197 2916 -
2359 2880 2368 2892 ‘

375 2963 429 2989 en
450 2948 724 3005 m'inspirant
746 2948 799 2989 de
824 2948 1013 3001 Tibulle,
1037 2949 1078 2990 II
1108 2964 1146 3000 1,
1175 2949 1229 2997 34
1255 2956 1299 2991 et
1321 2949 1374 2991 de
1394 2950 1519 3008 Virg.
1558 2953 1666 2999 Ecl„
1708 2951 1788 3002 III,
1822 2964 1871 2992 21
1899 2965 1962 3006 sq.
1989 2965 2027 3005 ,α
2067 2948 2137 2990 An
2375 2938 2384 2961 ⁴

346 3039 349 3041 -
375 3014 485 3055 mihi
507 3014 716 3056 cantando
740 3015 884 3057 uictus
908 3030 996 3056 non
1020 3015 1219 3057 redderet
1242 3016 1331 3067 ille,
1359 3016 1503 3070 Quem
1526 3032 1622 3059 mea
1642 3016 1908 3059 carminibus
1930 3024 2148 3058 meruisset.
2361 3016 2384 3037 ᾖ

376 3080 519 3121 fistula
531 3081 739 3137 caprum?
760 3097 782 3120 ›)
799 3097 808 3134 ;
827 3090 914 3122 auis
937 3101 981 3117 z
1004 3096 1086 3122 aux
1107 3097 1216 3137 yeux
1234 3081 1287 3123 de
1308 3098 1384 3124 nos
1401 3089 1542 3124 a'ieux.
1569 3109 1620 3116 —
1645 3083 1717 3128 67.
1745 3092 1837 3132 Ipse
1861 3097 2016 3131 quoque
2034 3090 2150 3122 inter

375 3161 496 3196 aqros
530 3147 692 3199 Ambr.,
730 3156 822 3195 Ipse
861 3163 1016 3196 quoque
1046 3157 1153 3189 inter
1189 3165 1333 3197 yreqes
1379 3150 1446 3196 V¹‚
1491 3159 1583 3198 Ipse
1621 3166 1742 3199 aoros
1782 3158 1890 3190 inter
1919 3163 2148 3197 gregesque·

385 3213 453 3255 V2.
484 3212 721 3270 L'original
742 3213 855 3254 avait
874 3229 969 3254 sans
990 3213 1119 3255 doute
1143 3214 1248 3271 dans
1271 3215 1535 3272 l'interligne
1552 3232 1696 3265 qreqes
1710 3215 1854 3272 ajoute
1875 3229 1953 3272 par
1971 3229 2032 3255 un
2049 3228 2144 3255 cor·
2351 3272 2354 3274 v
2378 3255 2379 3258 ,

379 3284 550 3320 recteur
569 3279 644 3335 qui
677 3280 788 3321 avait
811 3280 876 3320 ete
913 3280 1079 3336 choque
1115 3280 1167 3321 de
1195 3280 1471 3337 l’expression
1494 3291 1601 3323 inter
1624 3298 1744 3332 agros
1771 3296 1828 3323 ou
1862 3279 1939 3337 qui
1961 3294 1986 3322 3
2007 3279 2140 3322 voulu
2247 3324 2250 3326 v
2333 3281 2384 3334 ᾖ·

377 3343 613 3401 completer
646 3344 772 3386 l'idee
807 3345 1025 3402 exprimee
1055 3360 1132 3402 par
1154 3358 1334 3387 armenta
1358 3362 1368 3399 ;
1396 3346 1435 3387 le
1467 3346 1626 3403 copiste
1657 3347 1710 3388 de
1734 3347 1876 3389 Ambr.
1903 3359 1928 3387 a
1958 3344 2079 3401 copie
2101 3343 2149 3385 le·

380 3415 510 3463 texte,
527 3411 637 3453 celui
651 3410 703 3452 de
728 3413 762 3455 V
776 3412 853 3468 (ou
875 3427 935 3454 un
955 3411 1276 3469 predecesseur)
1292 3411 1334 3454 la
1352 3412 1467 3470 glose
1487 3429 1498 3466 ;
1530 3412 1585 3456 V2
1600 3428 1623 3455 a
1636 3413 1751 3455 tente
1766 3411 2149 3454 maladroitement

2365 3956 2384 4044 fes-³*
2377 3848 2381 3854 .
