2384 4062
483 365 503 398 Ι
515 347 583 399 86
1257 361 1467 395 TIBULLE

627 468 953 520 Dissimulet
984 467 1153 520 uiridi
1187 467 1391 518 cortice
1425 465 1598 517 tincta
1631 463 1808 525 nucis,

480 557 700 610 Tollere
736 567 866 608 tunc
898 558 1082 608 curast
1114 555 1267 607 albos
1302 575 1332 606 a
1364 554 1535 625 stirpe
1570 551 1799 622 capillos
2118 563 2121 565 ’
2171 548 2240 607 [15

627 647 698 696 Et
730 644 925 696 faciem
960 644 1183 714 dempta
1214 642 1359 714 pelle
1394 641 1602 694 referre
1637 659 1856 691 nouam.

481 735 555 786 At
586 745 666 795 tu,
705 733 834 785 dum
871 732 1037 803 primi
1071 731 1231 783 floret
1262 730 1365 782 tibi
1397 729 1663 800 temporis
1697 738 1867 788 aetaS‚

631 823 798 875 Vtere
831 853 902 859 —
937 839 1047 871 non
1083 819 1239 871 tardo
1276 819 1481 870 labitur
1514 817 1610 868 illa
1643 816 1784 888 pede
1816 847 1889 855 —-

480 912 605 965 Neu
639 909 951 961 Marathum
985 920 1182 978 torque
1215 928 1224 958 :
1259 926 1431 978 puero
1466 925 1604 977 quae
1638 904 1814 978 gloria
1845 901 2095 955 uictost?

630 999 692 1049 In
724 1008 944 1049 ueteres
980 990 1097 1048 esto
1132 996 1288 1057 dura,
1320 995 1524 1066 puella,
1563 1013 1757 1056 senes;
2173 991 2244 1042 50

485 1087 675 1158 Parce,
714 1104 934 1156 precor,
971 1096 1163 1136 tenero
1193 1105 1203 1135 ε
1242 1103 1352 1135 non
1386 1083 1469 1134 illi
1504 1082 1716 1133 sontica
1749 1089 1986 1140 causast‚

634 1173 744 1226 Sed
779 1173 982 1225 nimius
1016 1173 1133 1224 luto
1167 1191 1402 1242 corpora
1432 1171 1601 1244 tingit
1635 1189 1787 1222 amor
1826 1189 1836 1219 :

483 1261 582 1315 Vel
617 1261 785 1313 miser
819 1261 1036 1313 absenti
1069 1271 1304 1312 maestas
1340 1279 1502 1331 quam
1538 1277 1699 1329 saepe
1735 1255 2012 1328 querellas

633 1349 850 1401 Conicit
885 1360 939 1400 et
971 1348 1214 1400 lacrimis
1250 1348 1433 1400 omnia
1466 1347 1629 1418 plena
1663 1343 1919 1397 madent!

486 1459 511 1489 «
543 1438 690 1502 Quid
717 1457 802 1488 me
831 1437 1088 1508 spernis?
1120 1459 1143 1486 ))
1175 1436 1269 1498 ait,
1305 1458 1328 1486 ((
1359 1446 1578 1507 poterat
1604 1433 1853 1486 custodia
1878 1431 2062 1485 uinci:
2157 1431 2244 1483 55

630 1527 753 1597 Ipse
790 1526 945 1577 dedit
977 1525 1193 1596 cupidis
1227 1524 1418 1576 fallere
1454 1543 1615 1595 posse
1651 1523 1821 1585 deus;

482 1616 622 1667 Nota
654 1634 829 1666 uenus
864 1613 1070 1665 furtiua
1103 1613 1312 1675 mihist,
1350 1623 1411 1664 ut
1442 1612 1583 1664 lenis
1618 1622 1812 1684 agatur

635 1702 896 1773 Spiritus,
933 1713 995 1754 ut
1027 1722 1127 1754 nec
1162 1701 1296 1753 dent
1329 1702 1514 1752 oscula
1550 1711 1706 1771 rapta
1739 1718 1956 1760 sonum,

483 1792 553 1842 Et
586 1810 811 1862 possum
846 1790 1026 1842 media
1061 1789 1312 1862 quamuis
1347 1790 1618 1860 obrepere
1652 1798 1814 1840 nocte

630 1880 700 1930 Et
733 1879 969 1949 strepitu
1003 1879 1154 1930 nullo
1190 1879 1329 1929 clam
1365 1897 1613 1929 reserare
1648 1876 1815 1928 fores.
2181 1874 2251 1926 60

485 1967 633 2031 Quid
667 1978 903 2038 prosunt
937 1978 1104 2028 artes,
1143 1966 1406 2018 miserum
1441 1966 1487 2017 si
1522 1965 1737 2036 spernit
1770 1975 2044 2017 amantem

631 2057 701 2106 Et
733 2054 876 2128 fugit
910 2075 974 2107 ex
1007 2055 1129 2126 ipso
1166 2075 1328 2106 saeua
1361 2053 1547 2125 puella
1579 2054 1746 2105 toro?

484 2143 583 2195 Vel
619 2162 741 2194 cum
777 2143 1073 2214 promittit,
1113 2143 1296 2194 subito
1333 2142 1429 2194 sed
1463 2141 1675 2213 perfida
1708 2140 1870 2204 fallit,

632 2232 732 2282 Est
765 2231 901 2282 mihi
935 2251 1043 2283 nox
1076 2231 1264 2283 multis
1299 2230 1616 2304 euigilancla
1650 2230 1808 2281 malis
1837 2250 1847 2281 :

484 2320 627 2370 Dum
662 2319 797 2370 mihi
829 2330 1119 2371 uenturam
1154 2319 1323 2392 fingo,
1362 2319 1751 2389 quodcumque
1787 2328 2062 2379 mouetur,
2182 2318 2251 2370 65

633 2407 786 2458 Illius
822 2407 987 2459 credo
1023 2418 1152 2458 tunc
1187 2406 1437 2458 sonuisse
1472 2407 1663 2478 pedes.
1706 2427 1730 2456 »

484 2574 695 2616 existence
727 2574 1043 2632 independante
1068 2591 1122 2616 au
1154 2576 1386 2632 fragment.
1415 2600 1466 2606 -—
1482 2575 1556 2619 49.
1583 2585 1668 2616 Neu
1700 2574 1753 2618 V2
1779 2575 1899 2627 etG,
1922 2582 1998 2615 Seu
2021 2573 2248 2625 Ambr.V¹,

484 2641 602 2682 faute
625 2647 861 2698 provenant
887 2642 1100 2698 peut-etre
1134 2642 1345 2683 d'initiale
1376 2641 1581 2694 illisible;
1625 2640 1664 2682 la
1699 2640 1939 2682 correction
1963 2640 2164 2697 s'impose
2196 2664 2254 2671 —-

501 2708 592 2755 tom}
611 2709 752 2750 Ambr.

1112 2810 1184 2854 51.
1208 2818 1360 2852 sontica
1380 2812 1484 2852 Eaec.
1514 2811 1624 2852 Fris.

545 2919 617 2964 51.
645 2928 797 2962 sontica
818 2922 920 2962 Eme.
939 2922 1049 2962 Fris.
1061 2953 1070 2971 ,
1086 2930 1237 2962 sontica
1260 2920 1442 2977 corrige,
1461 2921 1567 2962 mais
1581 2919 1795 2977 peut-etro
1809 2919 1861 2960 de
1874 2917 2103 2961 deuxieme
2117 2917 2255 2971 main,

486 2985 538 3026 de
569 2995 714 3028 semita
742 2987 906 3040 Ambr.,
931 2996 1075 3028 semita
1127 2988 1175 3029 V1
1204 2987 1286 3042 (V2
1316 3002 1368 3028 en
1400 3002 1548 3043 margo
1578 2991 1726 3028 atteste
1750 2986 1938 3042 semion),
1967 2984 2257 3027 deformation

486 3051 591 3092 d’un
617 3058 811 3094 motrare
832 3057 874 3093 et
898 3067 984 3094 non
1010 3053 1212 3109 compris,
1236 3068 1312 3110 par
1339 3052 1566 3094 confusion
1591 3052 1643 3093 de
1663 3068 1685 3094 o
1706 3058 1748 3093 et
1772 3052 1824 3093 de
1849 3068 1883 3099 e,
1911 3051 1963 3093 de
1984 3068 2004 3093 c
2023 3057 2067 3093 et
2083 3050 2176 3092 det.
2201 3075 2259 3082 --

487 3118 560 3163 52.
582 3127 664 3159 1ut0
693 3119 749 3171 (Τ,
765 3128 870 3160 luteo
887 3119 1028 3160 Ambr.
1045 3120 1092 3167 V,
1120 3119 1371 3175 corruption
1396 3119 1501 3160 d'un
1527 3125 1618 3160 mot
1638 3134 1748 3160 rare.
1775 3119 1917 3163 -57.
1936 3127 2039 3160 lenis
2062 3118 2133 3170 V2,
2158 3126 2260 3159 leuis

489 3184 630 3226 Ambr.
645 3186 712 3232 V1,
742 3184 970 3226 confusion
991 3185 1044 3225 do
1064 3200 1088 3226 n
1109 3190 1151 3225 et
1171 3184 1222 3243 de
1244 3200 1282 3226 u.
1309 3210 1365 3216 —
1387 3185 1641 3233 firm-osum
1660 3185 1825 3226 Ambr2.
1853 3199 1908 3225 en
1931 3198 2098 3241 marge,
2126 3183 2178 3225 V2
2203 3197 2258 3224 en

488 3264 655 3306 marge,
680 3262 847 3299 possunt
877 3251 1126 3298 Ambr.¹V¹,
1161 3251 1389 3292 confusion
1421 3251 1526 3292 d'un
1567 3257 1659 3292 mot
1689 3251 1786 3307 plus
1816 3265 1911 3292 rare
1946 3265 2046 3292 avec
2075 3264 2138 3291 un
2163 3247 2261 3306 plus

487 3316 629 3367 muel,
653 3316 837 3358 facilitee
857 3332 935 3374 par
955 3332 1117 3365 possum
1140 3332 1194 3358 au
1218 3332 1312 3359 vers
1337 3317 1410 3362 59.
1441 3342 1491 3348 —
1520 3316 1592 3362 64.
1619 3327 1667 3358 Et
1691 3326 1790 3358 mihi
1813 3333 1896 3359 nox
1919 3325 2054 3359 mustis
2076 3327 2136 3358 est
2158 3322 2263 3364 11in-

487 3391 604 3423 zanda
627 3391 742 3423 mah‘s
764 3383 1006 3435 Francken,
1030 3383 1280 3440 conjecture
1300 3383 1552 3441 ingenieuse
1572 3388 1614 3423 et
1639 3383 1895 3425 soduisante.
