2384 4062
956 387 1170 421 TIBULLE
1848 384 1874 418 2
1891 385 1908 417 1
1927 385 1955 436 7

176 494 268 557 Et,
305 513 403 546 seu
436 493 604 568 longa
636 494 819 547 uirum
854 505 1038 547 terrae
1073 494 1164 547 uia
1197 513 1295 546 seu
1330 511 1470 566 uaga
1505 491 1712 544 ducent

318 581 599 656 Aequora,
638 603 763 636 cum
799 583 927 635 telis
964 583 1033 635 ad
1067 583 1211 635 latus
1245 582 1328 634 ire
1363 580 1559 633 uolet?

175 671 307 735 Vre,
340 691 501 744 puer,
540 692 769 746 quaeso,
806 683 901 725 tua
935 672 1031 745 qui
1065 670 1217 724 ferus
1252 670 1366 723 otia
1398 669 1586 743 liquit,
1925 671 1954 721 5

319 760 503 833 Atque
537 762 742 814 iterum
777 781 1036 814 erronem
1073 762 1176 813 sub
1211 772 1305 812 tua
1339 759 1500 833 signa
1533 778 1690 811 uoca.

177 849 341 916 Quod
376 850 422 903 si
455 851 728 903 militibus
762 871 981 923 parces,
1020 850 1126 902 erit
1160 850 1251 901 hic
1286 868 1510 921 quoque
1546 847 1728 909 miles,
1779 881 1781 883 ·

322 939 448 1011 Ipse
479 939 661 992 leuem
698 940 856 1015 galea
890 939 985 1013 qui
1022 939 1130 992 sibi
1164 949 1353 1011 portet
1387 957 1605 1009 aquam.

173 1028 371 1081 Castra
403 1039 533 1100 peto
567 1029 860 1101 ualeatque
895 1031 1083 1084 Venus
1117 1028 1452 1100 ualeantque
1488 1026 1706 1098 puellae
1737 1046 1746 1077 :

321 1119 393 1170 Et
427 1118 563 1170 mihi
597 1130 726 1171 sunt
758 1119 909 1171 uires
945 1129 1000 1171 et
1034 1118 1170 1170 mihi
1206 1117 1351 1170 sacta
1384 1117 1593 1169 tubast.
1893 1133 1958 1167 10

173 1208 377 1281 Magna
410 1207 630 1279 loquor,
669 1209 768 1261 sed
802 1207 1096 1283 magnifice
1133 1207 1269 1259 mihi
1303 1226 1504 1281 magna
1538 1206 1724 1258 locuto

322 1297 626 1350 Excutiunt
659 1298 878 1350 clausae
916 1297 1082 1350 fortia
1116 1299 1290 1350 uerba
1323 1295 1472 1349 fores
1505 1316 1515 1359 ;

172 1385 359 1438 Iuraui
393 1386 652 1457 quotiens
689 1387 1003 1458 rediturum
1041 1387 1109 1439 ad
1143 1386 1337 1438 limina
1370 1384 1708 1457 numquam!

322 1475 460 1527 Cum
493 1476 636 1528 bene
672 1475 874 1539 iuraui,
913 1496 1014 1548 pes
1048 1488 1238 1528 tamen
1271 1475 1392 1547 ipse
1428 1474 1594 1526 redit.

168 1562 315 1615 Acer
345 1562 538 1627 Amor,
577 1563 779 1618 fractas
812 1565 1048 1628 utinam,
1088 1576 1182 1617 tua
1215 1564 1344 1627 tela,
1384 1563 1638 1637 sagittas,
1892 1578 1955 1614 10

323 1652 380 1706 Si
414 1653 567 1717 licet,
606 1655 907 1707 exstinctas
943 1655 1361 1727 adspiciamque
1397 1652 1579 1704 faces!

169 1743 253 1794 Tu
287 1742 554 1796 miserum
590 1754 842 1816 torques,
881 1755 940 1797 tu
975 1764 1061 1796 me
1100 1743 1236 1795 mihi
1272 1743 1394 1796 dira
1427 1741 1648 1814 precari

323 1829 505 1907 Cogis
531 1844 586 1885 et
619 1833 815 1886 insana
850 1845 1035 1886 mente
1070 1833 1311 1885 nefanda
1343 1832 1519 1904 loqui.

169 1922 284 1974 Iam
322 1921 466 1974 mala
499 1921 749 1975 finissem
784 1923 918 1986 leto,
957 1923 1054 1975 sed
1090 1922 1317 1975 credula
1350 1921 1522 1974 uitam

326 2011 465 2082 Spes
497 2009 652 2063 fouet
686 2023 741 2063 et
775 2011 893 2065 fore
929 2032 1050 2064 cras
1086 2031 1308 2083 semper
1342 2011 1419 2063 ait
1452 2010 1687 2073 melius3
1887 2028 1956 2061 20

178 2100 319 2171 Spes
353 2099 779 2175 alitagricolas,
823 2103 963 2173 Spes
999 2101 1166 2153 sulcis
1203 2101 1384 2152 credit
1417 2099 1584 2152 aratis

327 2189 572 2252 Semina,
611 2190 751 2263 quae
788 2210 989 2265 magno
1027 2189 1219 2243 fenore
1256 2189 1443 2242 reddit
1478 2208 1632 2264 ager,

231 2357 295 2403 ῙῙ.
322 2357 399 2412 VI,
434 2358 479 2404 3.
522 2371 632 2401 terre
670 2361 899 2409 Ambr.V1,
940 2372 1066 2402 terret
1112 2360 1178 2407 V2,
1215 2358 1525 2416 interpolation
1555 2364 1796 2416 provenant
1827 2357 1959 2399 d’unc

172 2425 391 2468 mauvaise
411 2426 691 2483 intelligence
732 2427 792 2468 du
830 2432 960 2469 texte.
990 2453 1046 2459 —
1070 2427 1115 2472 4.
1151 2436 1201 2468 ad
1239 2436 1343 2468 latus
1382 2427 1545 2474 Ambra,
1591 2435 1735 2467 allatus
1770 2426 1840 2473 V1‚
1883 2424 1959 2482 qui

170 2492 311 2550 parait
330 2493 450 2535 avoir
473 2493 695 2535 confondu
716 2509 817 2536 avec
838 2494 878 2535 le
913 2494 1122 2551 participe
1144 2494 1196 2535 de
1218 2502 1371 2540 adfero,
1406 2495 1460 2536 V2
1483 2508 1507 2534 a
1528 2493 1712 2550 corrige.
1738 2518 1794 2524 —-
1812 2493 1855 2537 5.
1893 2504 1958 2533 tua

171 2559 316 2601 Ambr.
330 2560 400 2612 V2,
425 2571 465 2601 tu
497 2560 566 2602 V1.
608 2586 664 2591 —
697 2560 741 2606 8.
781 2573 917 2610 portet
941 2561 1102 2608 Ambr„
1141 2573 1278 2610 portat
1313 2561 1359 2608 V,
1401 2559 1478 2617 qui
1509 2560 1650 2617 parait
1687 2559 1853 2601 n’avoir
1888 2573 1962 2615 pas

169 2639 361 2682 compris
380 2626 420 2667 le
441 2625 694 2684 subjonctif.
731 2653 782 2658 —
815 2627 885 2672 14.
920 2636 1026 2669 redit
1057 2629 1220 2675 A.mbr,
1258 2635 1369 2668 uenit
1395 2636 1501 2668 redit
1548 2628 1593 2674 V,
1639 2627 1715 2683 qui
1748 2642 1772 2668 a
1811 2626 1961 2683 reparo

172 2691 552 2734 immediatement
569 2709 657 2734 une
679 2694 797 2736 faute
821 2695 972 2736 causee
1005 2709 1132 2751 parce
1149 2710 1208 2751 qu
1214 2694 1257 2735 ’il
1283 2694 1440 2735 suivait
1463 2693 1502 2735 le
1525 2709 1620 2735 sens
1648 2694 1792 2751 plutot
1815 2709 1900 2750 que
1921 2694 1961 2734 la

171 2757 315 2800 lettre.
341 2784 402 2792 -—
426 2759 499 2805 16.
527 2769 682 2803 silicet
705 2761 762 2813 (ἶ,
785 2770 944 2803 scilicet
968 2761 1189 2815 Ambr.V;
1215 2762 1270 2802 cf.
1300 2761 1319 2802 I
1347 2776 1385 2813 1,
1415 2760 1486 2809 [14.

735 2844 737 2846 Ι
855 2872 1015 2917 19-26.
1039 2875 1143 2914 Eaec.
1172 2874 1277 2915 Par.

233 2966 306 3012 19.
346 2976 432 3009 Iam
463 2978 568 3010 mala
596 2977 779 3011 finissem
814 2979 893 3012 leto
918 2979 988 3011 sed
1013 2970 1157 3012 Ambr.
1173 2970 1221 3021 V,
1248 2978 1434 3011 Finirent
1459 2977 1572 3010 multi
1606 2978 1686 3009 leto
1719 2977 1823 3008 mala
1851 2968 1956 3009 Eme.

170 3034 278 3075 Par.
308 3049 318 3087 ;
342 3033 592 3090 l'eaecerptor
615 3051 638 3077 a
657 3036 870 3093 interpole
890 3052 1003 3094 pour
1029 3037 1199 3078 donner
1224 3052 1278 3078 au
1304 3051 1507 3077 morceau
1532 3051 1618 3076 une
1647 3034 1860 3075 existence
1893 3034 1962 3075 in-

170 3099 458 3156 dependante.
490 3126 540 3133 —-
568 3101 640 3147 20.
670 3115 708 3144 et
732 3111 823 3144 fore
852 3119 943 3144 cras
971 3119 1133 3151 semper
1160 3112 1216 3144 ait
1240 3112 1382 3144 melius
1406 3103 1550 3158 Ambr.
1567 3103 1613 3149 V,
1647 3114 1685 3142 et
1708 3109 1849 3142 melius
1870 3117 1961 3142 cras

168 3174 264 3208 fore
288 3182 450 3215 semper
466 3176 548 3217 aqit
567 3171 671 3210 Eaec.
693 3170 815 3217 Par„
840 3170 1081 3211 correction
1101 3170 1316 3226 metriquc
1337 3185 1347 3222 ;
1372 3174 1539 3218 aqit‘est
1558 3183 1645 3208 une
1664 3168 1780 3208 faute
1794 3167 1960 3209 d'inad-

170 3240 371 3277 vertance
388 3234 494 3276 d’un
515 3236 692 3293 copiste,
717 3236 793 3292 qui
815 3251 838 3278 a
859 3251 935 3277 cru
955 3237 1227 3278 reconnaitrc
1248 3251 1309 3276 un
1329 3241 1421 3276 mot
1444 3234 1521 3292 qui
1546 3234 1609 3275 lui
1634 3234 1737 3275 etait
1751 3234 1954 3275 samilier.

847 3346 1002 3391 21—22.
1033 3348 1137 3388 Eoec.
1166 3347 1277 3387 Fris.

231 3433 304 3479 21.
329 3444 480 3476 credita
505 3444 606 3477 ratis
626 3436 729 3478 Eoec.
758 3437 888 3483 Fris„
919 3442 1031 3478 mots
1057 3435 1145 3477 mal
1170 3435 1342 3492 coupcs.
1374 3460 1420 3466 -
1448 3434 1522 3479 22.
1550 3442 1679 3475 reddit
1692 3434 1796 3474 Eoec.
1820 3432 1953 3487 Fris.,
