2384 4062
917 383 1191 418 LYGDAMUS
1844 385 1870 419 2
1883 387 1908 420 2
1927 387 1942 419 Ε

316 493 534 546 Indicet
564 503 625 545 ut
658 510 862 544 nomen
896 489 1083 542 littera
1118 488 1262 542 faeta
1295 500 1472 552 tuum,

166 583 350 656 Atque
384 583 532 635 inter
568 581 818 656 geminas
853 579 1158 655 pingantur
1192 599 1401 631 cornua
1435 578 1684 631 frontes:

322 672 412 726 Sic
448 671 653 724 etenim
689 658 972 742 comptum
1009 668 1230 720 mittere
1267 678 1491 740 oportet
1525 688 1686 740 opus.

167 763 272 816 Per
303 782 427 824 uos,
465 771 721 814 auctores
755 758 919 811 huius
955 757 1091 809 mihi
1126 757 1412 820 carminis,
1450 777 1548 809 oro
1889 778 1954 811 ω

319 849 726 920 Castaliamque
761 848 1017 900 umbram
1052 846 1376 917 Pieriosque
1411 846 1585 908 lacus,

166 941 249 993 Ite
285 940 511 993 domum
546 938 868 1010 cultumque
904 935 986 988 illi
1022 936 1224 988 donate
1259 935 1536 997 libellum,

321 1029 477 1082 Sicut
512 1027 654 1080 erit:
694 1025 880 1078 nullus
916 1023 1124 1077 defluat
1156 1024 1286 1076 inde
1322 1024 1496 1077 color.

166 1118 262 1172 Illa
299 1118 436 1170 mihi
468 1116 696 1179 referet,
723 1115 769 1167 si
802 1114 983 1167 nostri
1018 1125 1208 1166 mutua
1242 1125 1450 1176 curast,

314 1207 400 1260 An
434 1206 636 1268 minor,
676 1225 740 1257 an
777 1214 894 1257 toto
930 1213 1158 1275 pectore
1195 1202 1523 1256 deciderim.
1882 1222 1956 1256 20

169 1297 280 1351 Sed
314 1296 556 1368 primum
591 1294 850 1347 meritam
884 1293 1040 1368 larga
1074 1293 1276 1345 donate
1313 1292 1490 1345 salute

313 1385 495 1458 Atque
530 1385 666 1436 haec
701 1383 980 1436 submisso
1017 1381 1186 1434 dicite
1222 1383 1396 1434 uerba
1434 1402 1606 1434 sono:

169 1498 193 1528 «
224 1477 371 1529 Haec
404 1474 508 1526 tibi
541 1473 628 1526 uir
663 1472 964 1545 quondam,
1003 1491 1150 1523 nunc
1186 1470 1378 1534 frater,
1417 1482 1567 1524 casta
1601 1473 1833 1534 Neaera,

312 1563 488 1617 Mittit
521 1573 576 1615 et
609 1561 848 1634 accipias
884 1580 1114 1613 munera
1148 1580 1320 1632 parua
1357 1571 1518 1635 rogat

163 1655 352 1726 Teque
388 1653 501 1706 suis
535 1652 682 1704 iurat
716 1671 900 1703 caram
937 1649 1114 1723 magis
1150 1670 1271 1702 esse
1307 1649 1591 1712 medullis,
1877 1653 1950 1704 25·

317 1741 447 1796 Siue
479 1741 589 1794 sihi
623 1740 865 1794 coniunx
899 1739 1017 1791 siue
1053 1737 1240 1791 futura
1275 1759 1454 1802 soror,

168 1832 279 1886 Sed
312 1830 808 1905 potius'coniunx:
848 1829 1012 1881 huius
1049 1848 1205 1900 spem
1239 1828 1483 1881 nominis
1517 1828 1600 1881 illi

310 1919 544 1974 Auferet
576 1919 849 1972 exstincto
885 1917 1093 1990 pallida
1126 1918 1270 1970 Ditis
1307 1938 1468 1991 aqua.
1511 1939 1537 1970 »

1029 2192 1077 2243 ΙΙ

160 2378 268 2444 Qui
301 2376 515 2450 primus
550 2396 733 2429 caram
767 2376 958 2429 iuueni
992 2397 1294 2450 carumque
1330 2377 1549 2450 puellae

307 2465 531 2538 Eripuit
562 2465 843 2528 iuuenem,
882 2464 1097 2518 ferreus
1132 2465 1226 2518 ille
1262 2466 1402 2532 fuit3

165 2639 228 2692 V;
251 2638 293 2680 la
323 2638 440 2680 faute
459 2636 599 2694 parait
632 2636 895 2694 s’expliquer
927 2652 1005 2694 par
1034 2653 1123 2679 une
1154 2653 1305 2680 erreur
1332 2638 1438 2680 dans
1468 2638 1510 2681 la
1540 2639 1779 2682 resolution
1810 2640 1947 2681 d'une

155 2703 439 2761 abreviation,
462 2719 613 2746 erreur
635 2704 711 2762 qui
733 2719 757 2745 a
779 2704 934 2746 amene
954 2704 994 2745 le
1017 2705 1310 2762 changement
1332 2705 1401 2747 d’a
1432 2721 1487 2748 en
1509 2707 1535 2754 i,
1563 2719 1754 2756 protexat
1778 2707 1943 2749 n’etant

153 2787 230 2831 pas
251 2788 315 2814 un
348 2778 442 2814 mot
467 2771 575 2814 latin
605 2796 663 2802 —-
692 2780 832 2813 chat-ta
868 2771 1049 2824 Becker,
1088 2781 1265 2820 cart(a)e
1296 2773 1517 2828 Ambr.V;
1541 2789 1603 2815 un
1639 2773 1777 2816 scribe
1802 2789 1826 2816 a
1863 2790 1943 2816 cru·

152 2839 352 2897 qu'apres
374 2847 537 2889 fastigia
561 2837 593 2879 il
618 2837 756 2880 fallait
779 2853 841 2879 un
864 2838 1034 2896 genitis.
1055 2865 1110 2870 —
1131 2839 1203 2885 15.
1231 2850 1312 2881 Per
1335 2855 1408 2882 uos
1434 2840 1502 2888 V2,
1527 2851 1682 2883 Paruos
1699 2842 1842 2883 Ambr.
1857 2842 1905 2883 V1
1927 2858 1937 2894 3

150 2905 192 2948 le
217 2906 378 2963 copiste
402 2921 427 2948 a
450 2921 528 2948 cru
561 2904 834 2947 reconnaitre
869 2920 931 2946 un
964 2911 1057 2947 mot
1080 2906 1190 2963 qu'il
1217 2907 1331 2948 avait
1356 2906 1462 2948 dans
1494 2907 1636 2949 l'idee.
1664 2933 1723 2939 ——
1748 2907 1820 2953 16.
1853 2925 1939 2950 um-

150 2982 267 3015 bram
310 2973 382 3025 ΥΞ,
408 2983 635 3014 umbrosam
670 2972 895 3020 Ambr.V1,
927 2972 1259 3029 probablement
1281 2988 1408 3030 parce
1440 2973 1578 3031 qu’un
1610 2968 1772 3031 copiste
1795 2989 1818 3016 a
1850 2975 1939 3032 pris

151 3049 363 3082 castaliam
379 3054 492 3096 pour
510 3054 572 3080 un
589 3038 835 3081 substantif.
862 3065 914 3070 --
940 3039 1015 3084 21.
1043 3048 1228 3082 meritam
1259 3041 1328 3093 V2,
1356 3049 1542 3083 meritum
1566 3042 1697 3083 Ambr
1725 3042 1792 3089 V1‚
1820 3042 1938 3084 faute

149 3111 390 3164 provenant
413 3105 466 3147 de
488 3106 530 3147 la
559 3105 844 3147 terminaison
869 3105 928 3147 du
950 3112 1042 3148 mot
1063 3107 1309 3164 precedent.
1338 3133 1397 3139 ——
1414 3107 1486 3153 26.
1514 3117 1592 3149 sibi
1623 3109 1676 3150 V2
1693 3124 1747 3150 en
1766 3124 1931 3167 marge,

150 3181 222 3215 tibi
253 3173 396 3216 Ambr.
430 3172 618 3229 (d'apres
654 3171 813 3229 Hiller)
849 3173 916 3221 V1,
945 3173 1175 3216 confusion
1199 3174 1252 3215 de
1272 3182 1350 3216 sibi
1374 3166 1417 3216 et
1445 3174 1499 3216 de
1536 3183 1606 3216 tibi
1637 3190 1732 3217 sans
1755 3175 1886 3218 doute
1912 3180 1937 3219 a

149 3253 276 3281 cause
299 3238 352 3280 de
378 3246 448 3281 tibi
469 3238 643 3280 du’vers
666 3237 741 3283 23.

208 3357 296 3403 111.
320 3357 380 3400 11.

860 3423 952 3468 1-2.
982 3425 1084 3468 Eme.
1110 3425 1222 3466 Fris.
