2384 4062
969 418 1022 450 'ri
1030 418 1188 451 BULLE
1866 419 1887 453 1
1901 401 1967 472 59

338 527 447 579 Ter
480 545 635 589 cane,
674 536 759 578 ter
785 524 948 577 dictis
984 524 1194 596 despue
1229 523 1598 587 carminibus,

188 615 290 669 Ille
325 615 465 667 nihil
499 614 707 687 poterit
740 614 807 666 de
842 613 1003 666 nobis
1038 613 1269 665 credere
1305 612 1589 685 cuiquam,
1898 616 1966 668 55

336 706 459 758 Non
494 703 621 767 sibi,
649 703 695 755 si
727 703 785 754 in
819 701 975 755 molli
1007 701 1217 754 uiderit
1249 701 1370 773 ipse
1405 712 1550 754 toro,

185 794 272 846 Tu
303 804 489 846 tamen
525 792 804 845 abstineas
839 791 996 844 aliis:
1036 811 1162 842 nam
1197 800 1384 842 cetera
1418 802 1614 843 cernet

337 881 570 945 Omnia3
611 881 677 934 de
712 900 798 932 me
831 900 941 932 uno
978 879 1177 931 sentiet
1209 879 1301 931 ille
1336 879 1498 932 nihil.

185 970 335 1037 Quid
370 971 873 1041 credam?Nempe
907 970 1044 1021 haec
1079 968 1273 1021 eadem
1309 988 1366 1021 se
1403 968 1544 1021 dixit
1579 956 1795 1022 amores

336 1060 603 1113 Cantibus
638 1069 731 1111 aut
762 1058 952 1111 herbis
987 1057 1206 1110 soluere
1242 1077 1407 1129 posse
1446 1077 1598 1110 meos
1895 1060 1965 1113 60

187 1149 259 1203 Et
291 1169 377 1202 me
411 1148 672 1201 lustrauit
702 1147 880 1200 taedis
915 1158 970 1199 et
1002 1157 1165 1199 nocte
1202 1166 1400 1199 serena

336 1237 595 1291 Concidit
629 1237 696 1289 ad
731 1236 977 1311 magicos
1011 1236 1195 1288 hostia
1228 1235 1381 1308 pulla
1415 1236 1550 1288 deos
1583 1256 1594 1299 ;

181 1327 305 1381 Non
340 1346 443 1400 ego
477 1336 625 1378 totus
659 1326 880 1378 abesset
913 1345 1085 1389 amor,
1126 1324 1224 1377 sed
1259 1335 1483 1377 mutuus
1518 1336 1668 1378 esset

335 1415 598 1476 Orabam,
636 1434 738 1466 nec
773 1424 826 1466 te
861 1433 1025 1486 posse
1062 1433 1252 1465 carere
1287 1413 1459 1466 uelim
1488 1434 1498 1465 ε

184 1505 425 1557 Ferreus
458 1502 553 1555 ille
589 1502 728 1566 fuat,
768 1503 883 1575 qui,
922 1513 975 1554 te
1012 1523 1136 1555 cum
1171 1502 1350 1574 possit
1383 1503 1613 1566 habere,
1895 1506 1962 1558 65

331 1591 594 1645 Maluerit
625 1591 860 1663 praedas
896 1591 1098 1643 stultus
1134 1602 1190 1643 et
1223 1611 1375 1644 arma
1410 1592 1603 1664 sequi;

182 1681 282 1735 Ille
317 1680 448 1734 licet
482 1680 717 1734 Cilicum
750 1680 927 1733 uictas
963 1691 1090 1754 agat
1124 1691 1249 1732 ante
1285 1691 1537 1733 cateruas

327 1771 502 1823 Ponat
536 1781 591 1822 et
622 1769 682 1822 in
715 1780 876 1841 capto
910 1769 1111 1821 Martia
1146 1781 1326 1822 castra
1361 1769 1479 1822 solo

180 1861 353 1912 Totus
388 1870 444 1911 et
476 1851 708 1932 argento
743 1869 1034 1911 contextus
1069 1869 1218 1910 totus
1255 1869 1310 1910 et
1345 1879 1478 1911 auro

329 1948 575 2001 Insideat
608 1947 778 2000 celeri
812 1948 1245 2020 conspiciendus
1281 1967 1459 2020 equo;
1894 1968 1962 2020 70

179 2038 304 2110 Ipse
339 2038 533 2100 boues,
572 2056 712 2099 mea,
752 2036 799 2089 si
831 2047 1015 2089 tecum
1053 2037 1238 2099 modo,
1277 2037 1456 2100 Delia,
1495 2037 1706 2109 possim
1740 2047 1742 2049 ’

328 2127 566 2200 Iungere
601 2136 656 2178 et
687 2125 745 2177 in
779 2125 943 2178 solito
979 2145 1209 2197 pascere
1246 2136 1433 2178 monte
1469 2145 1639 2198 pecus

178 2215 269 2278 Et,
305 2226 359 2267 te
394 2215 525 2267 dum
559 2214 726 2267 liceat
757 2214 967 2267 teneris
1004 2214 1247 2266 retinere
1284 2214 1531 2278 lacertis,

328 2303 514 2356 Mollis
549 2314 604 2356 et
635 2303 846 2356 inculta
881 2303 954 2355 sit
986 2303 1123 2354 mihi
1158 2323 1384 2355 somnus
1419 2303 1628 2368 humo;

177 2392 328 2459 Quid
359 2392 526 2465 Tyrio
561 2394 828 2445 recubare
862 2388 987 2445 toro
1024 2393 1142 2445 sine
1179 2413 1364 2445 amore
1401 2393 1648 2446 secundo
1889 2397 1956 2467 75

326 2481 582 2544 Prodest,
621 2502 746 2533 cum
780 2480 912 2533 fletu
947 2502 1055 2534 nox
1087 2481 1376 2556 uigilanda
1409 2482 1610 2534 uenit?

172 2569 311 2623 Nam
338 2589 518 2642 neque
553 2581 684 2622 tunc
720 2569 941 2642 plumae
977 2583 1079 2622 nec
1115 2570 1364 2644 stragula
1398 2571 1548 2642 picta
1582 2591 1843 2643 soporem

182 2739 237 2782 V2
260 2753 315 2782 en
331 2754 497 2797 marge,
517 2749 599 2781 Nec
620 2739 690 2791 V1‚
710 2738 940 2780 confusion
961 2738 1014 2779 de
1036 2737 1076 2779 H
1097 2744 1140 2780 et
1164 2739 1216 2779 de
1234 2738 1287 2782 N.
1305 2764 1363 2770 —
1379 2738 1453 2784 58.
1470 2748 1538 2781 ifle
1559 2740 1615 2791 G,
1634 2748 1721 2789 ipse
1738 2741 1880 2783 Ambr.
1896 2743 1951 2794 V;

173 2804 217 2848 la
239 2806 478 2848 correction
494 2805 547 2847 de
570 2806 611 2851 (Τ
626 2805 764 2862 parait
786 2805 1038 2862 s'imposer3
1059 2805 1099 2846 13
1113 2805 1342 2846 confusion
1362 2811 1424 2848 est
1437 2806 1620 2858 usuelle,
1640 2807 1696 2848 cf.
1718 2806 1777 2858 II,
1798 2807 1841 2859 4,
1867 2806 1922 2850 36
1940 2823 1950 2860 ;

174 2871 259 2914 elle
282 2887 307 2914 a
325 2887 386 2930 pu
406 2872 496 2914 etre
519 2871 762 2914 influencee
786 2871 842 2914 ici
867 2887 945 2929 par
975 2871 1017 2913 la
1043 2872 1247 2929 presence
1271 2871 1324 2913 de
1347 2881 1435 2920 ipse
1466 2887 1521 2913 au
1556 2887 1651 2914 vers
1682 2873 1755 2918 56.
1794 2899 1851 2904 -
1876 2874 1951 2920 65.

171 2946 263 2981 ruat
294 2937 500 2996 Scaliger,
523 2947 639 2981 fuit...
663 2947 791 2988 possit
815 2939 959 2981 Ambr.
974 2939 1009 2980 V
1029 2954 1040 2991 3
1076 2938 1117 2979 13
1151 2939 1446 2980 construction
1470 2939 1588 2981 etant
1612 2939 1879 2994 solecisante,
1912 2940 1953 2982 Ie

172 3019 269 3047 vers
291 3004 383 3047 doit
402 3005 762 3047 necessairement
784 3004 874 3046 etre
898 3004 1066 3062 corrigo
1085 3020 1096 3058 3
1128 3005 1164 3047 G
1188 3020 1212 3046 a
1233 3017 1383 3060 posset,
1410 3006 1486 3062 qui
1525 3006 1664 3062 parait
1687 3021 1742 3048 au
1762 3007 1954 3064 premier

171 3069 307 3113 abord
329 3067 585 3113 satisfaisant
608 3086 719 3129 pour
739 3071 780 3113 13
805 3072 1067 3128 grammaire
1086 3087 1096 3124 3
1126 3071 1235 3112 mais
1256 3086 1312 3113 on
1338 3087 1392 3112 ne
1412 3072 1649 3129 s’explique
1671 3088 1746 3130 pas
1770 3072 1810 3114 la
1834 3073 1952 3115 faute

172 3136 229 3178 de
266 3137 630 3191 Ambr.Vp0ss1·t;
665 3153 720 3179 en
744 3143 885 3189 outre,
913 3153 970 3179 on
996 3153 1050 3179 ne
1085 3138 1247 3179 saurait
1281 3138 1386 3180 tirer
1417 3138 1471 3179 de
1498 3138 1539 3179 la
1573 3154 1634 3180 un
1667 3154 1763 3180 sens
1796 3154 1951 3182 conve-

175 3201 302 3245 nablo
322 3218 332 3251 ;
358 3218 415 3245 on
439 3218 463 3245 a
486 3204 615 3260 pense
650 3204 759 3261 qu'il
783 3204 993 3261 s’agissait
1019 3204 1079 3245 du
1105 3204 1215 3246 mari
1240 3203 1292 3245 de
1317 3203 1443 3246 Delia
1467 3204 1600 3260 (mais
1627 3205 1666 3246 le
1693 3211 1804 3247 reste
1833 3205 1885 3247 de
1909 3206 1950 3249 la

173 3269 295 3327 piece
314 3275 485 3311 montre
509 3270 616 3327 qu'il
637 3270 742 3312 etait
762 3273 784 3312 a
809 3269 986 3327 Rome),
1010 3270 1116 3311 d'un
1143 3270 1251 3312 rival
1274 3271 1406 3326 (mais
1438 3270 1609 3313 Tibulle
1649 3277 1713 3313 est
1736 3287 1792 3314 au
1815 3271 1950 3315 debut

174 3334 229 3378 de
262 3350 307 3378 sa
343 3335 496 3378 liaison
524 3342 567 3378 et
600 3336 671 3378 n’a
703 3352 778 3394 pas
813 3352 968 3379 encore
1000 3337 1052 3378 de
1084 3337 1247 3392 rival);
1285 3345 1373 3378 fuat
1403 3336 1457 3378 de
1486 3336 1679 3394 Scaliger
1708 3338 1852 3380 donne
1885 3354 1947 3380 un

170 3416 266 3443 sens
300 3401 537 3456 excellent3
564 3417 622 3444 on
646 3403 883 3460 comprend
907 3418 992 3460 que
1026 3402 1088 3444 les
1120 3402 1279 3444 scribes
1304 3403 1421 3444 aient
1444 3403 1524 3445 fait
1558 3404 1811 3461 disparaitre
1836 3411 1946 3447 cette

164 3467 306 3510 forme
325 3466 484 3510 'vieillie
503 3485 514 3522 ;
549 3468 590 3511 la
612 3469 772 3527 langue
807 3469 860 3511 dc
898 3468 1073 3510 Tibulle
1112 3468 1221 3511 n’est
1256 3484 1331 3526 pas
1373 3469 1486 3511 aussi
1523 3470 1723 3529 eloignee
1761 3471 1814 3513 de
1843 3471 1943 3513 l’ar-
