2384 4062
939 399 1211 433 LYGDAMUS
1860 403 1886 436 2
1898 403 1923 436 2
1935 405 1965 437 ’)

168 516 288 570 Nee
323 533 409 566 me
446 531 619 586 regna
652 510 846 562 iuuant
880 527 982 560 nee
1014 506 1224 579 Lydius
1261 504 1471 558 aurifer
1506 507 1683 559 amnis

327 605 441 656 Nee
475 620 611 673 quas
646 610 923 651 terrarum
961 596 1201 649 sustinet
1235 595 1388 647 orbis
1425 615 1590 667 opes;
1900 599 1969 650 30

171 694 326 746 Haeo
361 691 454 744 alii
489 690 736 762 cupiant,
775 687 943 739 liceat
976 685 1113 737 mihi
1147 703 1393 756 paupere
1429 684 1578 737 cultu

335 782 544 834 Securo
580 797 707 830 cara
741 776 979 849 coniuge
1015 793 1181 846 posse
1215 772 1345 825 frui.

171 871 342 924 Adsis
377 857 436 921 et·
465 867 678 920 timidis
716 865 927 927 faueas,
972 863 1257 926 Saturnia,
1296 862 1444 915 uotis

333 961 404 1011 Et
439 957 626 1010 faueas
662 955 895 1016 coneha,
935 952 1162 1026 Cypria,
1201 962 1363 1004 uecta
1396 962 1512 1014 tua,

176 1048 311 1111 Aut,
349 1048 396 1100 si
430 1046 541 1099 fata
574 1055 782 1120 negant
817 1043 1060 1095 reditum
1096 1041 1401 1112 tristesque
1437 1061 1682 1104 sorores,
1903 1043 1971 1095 35

337 1136 586 1190 Stamina
620 1153 759 1206 quae
797 1133 1011 1185 ducunt
1044 1150 1298 1202 quaeque
1332 1129 1519 1183 futura
1552 1141 1744 1193 neunt,

175 1227 268 1279 Me
304 1236 467 1278 uocet
499 1225 554 1276 in
591 1234 778 1276 uastos
815 1242 1005 1274 amnes
1042 1221 1376 1295 nigramque
1413 1220 1676 1292 paludem

334 1315 504 1368 Diues
531 1314 588 1366 in
620 1313 824 1387 ignaua
857 1310 1075 1363 luridus
1113 1312 1293 1363 Orcus
1330 1310 1501 1381 aqua!

1044 1621 1164 1678 IV·

182 1865 256 1917 Di
294 1850 529 1916 meliora
558 1862 738 1914 ferant
772 1881 873 1913 neo
910 1861 1022 1912 sint
1057 1860 1194 1911 mihi
1230 1861 1443 1912 somnia
1478 1881 1633 1923 uera,

340 1954 492 2018 Quae
527 1951 657 2004 tulit
690 1952 954 2002 hesterna
980 1950 1224 2021 pessima
1257 1961 1420 2002 noete
1456 1942 1635 2021 quies.

187 2045 268 2096 Ite
303 2041 500 2115 procul
533 2041 664 2093 uani
699 2038 935 2110 falsique
970 2038 1207 2091 auertite
1242 2039 1416 2104 uisus,

339 2129 590 2184 Desinite
624 2129 683 2181 in
713 2128 869 2181 nobis
897 2147 1166 2199 quaerere
1201 2127 1347 2180 uelle
1382 2128 1568 2180 fidem.

185 2220 316 2274 Diui
349 2239 482 2273 uera
517 2229 768 2280 monent,
807 2229 1076 2269 uenturae
1112 2217 1307 2269 nuntia
1342 2217 1510 2269 sortis
1944 2221 1975 2272 5

379 2397 532 2444 29-32.
560 2399 664 2439 Eoec.
694 2398 799 2438 Par.
825 2421 883 2428 —
903 2395 977 2441 29.
1005 2405 1141 2438 Lidius
1161 2405 1320 2438 aurifer
1345 2405 1478 2438 amnis
1515 2398 1620 2438 Eoec.
1661 2398 1774 2439 Fris.

248 2511 323 2557 29.
348 2520 431 2552 Nec
455 2509 662 2561 Ambr.V,
691 2518 778 2550 Non
806 2510 908 2550 Eme.
934 2509 1037 2550 Par.
1059 2524 1069 2562 3
1095 2508 1126 2550 il
1150 2508 1223 2566 n'y
1243 2523 1266 2550 a
1288 2524 1364 2566 pas
1381 2508 1434 2549 de
1450 2508 1595 2550 raison
1612 2508 1887 2552 absolument
1908 2510 1982 2551 de-

179 2578 316 2621 cisive
339 2590 394 2618 'en
422 2577 574 2618 faveur
599 2575 653 2617 de
671 2575 791 2616 l'une
816 2574 869 2616 de
895 2589 962 2616 ces
986 2574 1100 2616 deux
1124 2575 1270 2626 leoons
1293 2574 1438 2632 plutot
1462 2591 1548 2632 que
1574 2575 1627 2617 de
1651 2576 1834 2630 l'autre3
1862 2576 1895 2617 il
1915 2582 1979 2618 est

185 2643 371 2703 possible
390 2648 599 2701 pourtant
630 2658 715 2699 que
748 2658 828 2684 non
854 2642 937 2683 soit
959 2642 1011 2683 de
1043 2642 1297 2697 l’excerptor
1324 2643 1401 2699 qui
1427 2658 1452 2684 a
1474 2643 1609 2684 voulu
1642 2658 1848 2701 marquer
1881 2643 1980 2700 plus

188 2715 432 2755 nettement
457 2709 498 2751 le
523 2714 906 2756 commencement
930 2708 990 2750 du
1017 2724 1236 2751 morceau.
1266 2735 1322 2740 —
1341 2709 1415 2754 32.
1452 2726 1547 2751 cara
1577 2719 1746 2760 coniuge
1769 2711 1974 2757 Ambr.V,

186 2788 297 2821 uitae
316 2792 482 2819 munere
513 2778 617 2818 Eoec.
653 2777 775 2822 Par„
813 2775 1141 2832 interpolation,
1182 2791 1309 2833 parce
1345 2792 1430 2833 que
1470 2776 1575 2818 dans
1599 2776 1639 2818 le
1676 2792 1879 2819 morceau
1908 2777 1981 2818 de-

189 2845 314 2888 tache
339 2844 372 2886 il
394 2842 545 2886 n⁷etait
563 2858 638 2900 pas
662 2842 864 2900 question
885 2841 938 2883 de
962 2841 1139 2884 Neaera.

754 2953 828 2998 38.
854 2963 1009 2995 Iar-idus
1032 2970 1151 2996 orcus
1173 2956 1278 2996 Eaec.
1307 2955 1419 2996 Fris.

252 3045 341 3090 ῙῙῙ.
368 3042 445 3096 IV,
475 3044 519 3089 3.
558 3052 652 3085 uam·
677 3043 904 3096 Ambr.V1,
945 3060 1091 3085 uanum
1130 3042 1186 3084 V2
1222 3058 1277 3085 en
1310 3059 1476 3100 marge,
1515 3052 1688 3092 falsique
1719 3053 1890 3087 auertite
1924 3054 1983 3086 ui-

185 3129 259 3155 sus
278 3111 415 3164 BoUe,
442 3119 668 3159 tensumque
697 3119 867 3151 auertite
904 3118 1032 3151 uisum
1058 3111 1263 3157 Amb1·.V,
1294 3111 1534 3167 correction
1569 3117 1809 3168 provenant
1847 3111 1900 3153 de
1936 3128 1983 3153 cc

194 3194 282 3237 que
305 3178 346 3219 le
367 3192 462 3219 sens
483 3176 726 3218 intransitif
746 3176 799 3217 de
823 3186 995 3218 auertite
1019 3177 1090 3218 n'a
1113 3192 1187 3234 pas
1209 3178 1275 3218 ὁῑό
1307 3192 1501 3219 reconnu
1526 3183 1570 3219 et
1600 3177 1676 3234 qui
1710 3178 1780 3219 n'a
1810 3193 1885 3235 pas
1917 3179 1983 3220 ete

196 3245 376 3304 poussee
407 3243 615 3302 jusqu’au
653 3242 761 3284 bout
788 3243 974 3300 puisque
1017 3243 1237 3300 l'original
1274 3259 1297 3285 a
1343 3244 1544 3285 conserve
1585 3253 1693 3298 uani,
1738 3245 1814 3301 qui
1850 3259 1904 3286 ne
1941 3261 1984 3287 se

197 3311 436 3370 rapportait
457 3310 555 3368 plus
576 3311 599 3351 a
619 3310 740 3363 rien;
772 3309 813 3351 la
836 3310 1077 3352 correction
1097 3326 1120 3351 a
1145 3310 1210 3351 ete
1235 3311 1474 3367 completae
1497 3311 1594 3368 plus
1618 3310 1714 3352 tard
1738 3327 1909 3353 comme
1945 3312 1986 3352 le

197 3384 370 3421 montre
403 3377 470 3419 V2.
496 3401 556 3408 -
578 3375 622 3421 4.
657 3385 699 3417 in
724 3384 841 3418 nobis
863 3375 1024 3433 Guyet‚
1065 3386 1107 3418 in
1131 3386 1235 3419 uotis
1275 3378 1419 3420 Ambr.
1435 3379 1480 3425 V,
1518 3377 1747 3419 confusion
1784 3377 1837 3419 de
1872 3385 1986 3420 mots

193 3444 475 3498 semblables,
498 3443 556 3487 cf.
586 3441 646 3484 IV
669 3441 711 3496 6,
743 3456 813 3487 20.

442 3532 664 3575 Tmo-Lm.
1704 3548 1719 3575 1
1728 3533 1754 3576 5
