2384 4062
921 412 1193 447 monimus
1847 401 1954 453 233

320 522 588 577 Contudit
622 532 677 574 et
710 520 967 573 dominae
1004 519 1154 571 misit
1187 518 1246 570 in
1282 519 1597 583 arbitrium,

168 613 462 667 Armenias
496 612 673 686 tigres
709 621 764 663 et
797 609 979 662 fuluas
1013 608 1108 660 ille
1143 608 1365 660 leaenas
1891 616 1959 666 15

313 701 462 758 Vicit
494 711 550 752 et
582 698 870 752 indomitis
906 696 1095 749 mollia
1129 697 1298 749 eorda
1334 697 1508 750 dedit.

164 793 312 844 Haec
345 790 518 843 Amor
551 799 606 842 et
641 787 850 840 maiora
883 786 1070 850 ualet3
1112 787 1210 838 sed
1245 787 1460 858 poscite
1496 788 1703 839 Bacchi

315 881 550 932 Munera
581 910 655 918 —
688 896 855 949 quem
888 886 1142 928 uestrum
1185 876 1386 947 poeula
1422 876 1569 928 sicea
1603 877 1795 930 iuuant
1825 878 1848 930 ἶ)
1883 911 1958 920 —

169 969 451 1022 Conuenit
484 987 550 1020 ex
584 986 782 1039 aequo.
821 967 934 1019 Nee
969 976 1166 1017 toruus
1202 965 1371 1017 Liber
1404 966 1462 1016 in
1496 965 1631 1028 illis,

316 1057 426 1124 Qui
461 1077 518 1110 se
555 1057 763 1128 quique
797 1075 907 1107 una
939 1053 1071 1107 uina
1104 1054 1292 1106 iocosa
1326 1054 1538 1117 colunt,
1885 1075 1960 1109 20„

164 1149 240 1202 Et
270 1147 430 1200 uenit
463 1147 637 1199 iratus
672 1144 906 1196 nimium
942 1143 1289 1216 nimiumque
1326 1148 1574 1208 seueris;

317 1236 426 1303 Qui
459 1235 622 1288 timet
653 1234 782 1287 irati
816 1233 1047 1286 numina
1082 1253 1303 1307 magna,
1342 1233 1516 1285 bibat.

165 1325 373 1392 Quales
407 1324 495 1377 his
529 1344 738 1396 poenas
774 1322 955 1396 qualis
991 1334 1344 1395 quantusque
1381 1322 1645 1386 minetur,

316 1414 591 1468 Cadmeae
628 1413 823 1465 matris
852 1412 1060 1484 praeda
1089 1423 1319 1464 eruenta
1353 1412 1536 1464 docet.

170 1504 282 1558 Sed
315 1503 512 1576 procul
548 1523 577 1555 a
610 1502 774 1555 nobis
808 1503 899 1554 hic
935 1502 1009 1554 sit
1042 1501 1211 1554 timor
1244 1501 1474 1573 illaque,
1514 1502 1747 1575 siquast,
1886 1505 1958 1557 25

316 1593 466 1659 Quid
498 1591 682 1645 ualeat
716 1591 852 1644 laesi
886 1592 1091 1643 sentiat
1123 1592 1206 1644 ira
1241 1591 1350 1644 dei.

170 1682 319 1748 Quid
352 1701 576 1754 precor,
607 1701 637 1734 a
670 1681 946 1733 demens?
982 1680 1148 1735 Venti
1184 1681 1482 1732 temeraria
1515 1692 1645 1733 uota

314 1770 513 1841 Aeriae
549 1781 606 1822 et
638 1771 817 1822 nubes
854 1769 1174 1841 diripienda
1209 1769 1409 1822 ferant.

167 1860 437 1926 Quamuis
471 1859 625 1912 nulla
661 1859 771 1912 mei
806 1870 1066 1931 superest
1098 1859 1202 1911 tibi
1238 1880 1389 1922 cura,
1427 1861 1659 1922 Neaera,

317 1949 405 2003 Sis
439 1948 574 2002 felix
608 1960 664 2001 et
698 1949 810 2001 sint
843 1949 1082 2001 eandida
1116 1948 1227 2000 fata
1259 1960 1372 2001 tua.
1880 1951 1957 2003 30,

161 2038 235 2092 At
267 2058 368 2091 nos
405 2058 632 2091 securae
670 2038 970 2091 reddamus
1002 2049 1255 2110 tempora
1290 2058 1512 2091 mensae
1542 2059 1552 2090 :

312 2115 483 2182 Venit
515 2139 645 2200 post
679 2128 881 2181 multos
916 2148 1025 2180 una
1060 2148 1258 2180 serena
1292 2127 1431 2180 dies.

160 2529 251 2571 bre.
277 2554 335 2561 -
356 2527 429 2575 14.
459 2530 825 2579 ΟοτιιιιαὶιΑιηόν.,
846 2539 1019 2572 Contulit
1043 2531 1111 2579 V1,
1135 2531 1364 2572 confusion
1381 2529 1434 2571 de
1456 2544 1476 2572 2
1494 2535 1606 2572 mots
1623 2530 1676 2571 de
1701 2530 1842 2571 forme
1860 2530 1973 2573 voi—>

160 2596 339 2638 sine.-
354 2596 426 2641 15.
446 2605 663 2638 Armenias
680 2598 715 2639 G
728 2597 919 2654 (d’apres
935 2597 1111 2654 Hiller),
1131 2607 1332 2639 Armanas
1353 2598 1495 2640 Ambr.
1512 2599 1556 2646 V,
1580 2612 1685 2638 nom
1707 2613 1863 2654 propre
1887 2613 1953 2638 es-

161 2663 316 2720 tropie.
345 2689 400 2694 —
427 2663 500 2709 17.
529 2673 635 2705 ua1et
659 2664 715 2716 (ἶ,
745 2674 851 2706 u01et
871 2666 1015 2706 Ambr.
1032 2666 1076 2712 V,
1104 2664 1388 2706 substitution
1422 2665 1528 2706 d'un
1555 2671 1648 2706 mot
1679 2664 1802 2705 usuel
1836 2666 1858 2705 a
1889 2680 1954 2707 un

160 2735 254 2771 mot
277 2730 354 2787 qui
371 2729 442 2771 n’a
465 2745 540 2787 pas
561 2731 627 2772 ete
653 2731 856 2788 compris.
882 2757 941 2763 —-
974 2732 1044 2776 19.
1074 2731 1125 2773 Je
1151 2732 1295 2773 donne
1329 2731 1382 2772 de
1407 2746 1454 2773 ce
1479 2746 1655 2788 passage
1693 2746 1780 2771 une
1815 2746 1952 2787 ponc-

160 2796 330 2838 tuation
354 2796 555 2839 nouvelle
579 2803 621 2839 et
636 2797 856 2854 j’entends
877 2815 885 2839 ε
911 2807 1099 2840 conuenit
1118 2808 1294 2847 poscatis
1312 2815 1364 2840 ex
1380 2815 1507 2846 aequo
1524 2807 1670 2839 Bacchi
1695 2813 1874 2838 munera.
1892 2823 1951 2828 --

160 2862 235 2907 21.
270 2872 319 2904 Et
339 2862 434 2915 AC,
459 2873 547 2905 Non
574 2865 716 2906 Ambr.
733 2865 777 2912 V,
809 2865 884 2922 qui
910 2881 933 2906 a
953 2881 1012 2922 pu
1027 2866 1117 2907 etl-e
1141 2865 1354 2922 interpolo
1376 2880 1488 2922 pour
1512 2865 1680 2906 donner
1699 2879 1761 2904 un
1780 2879 1874 2905 sens
1895 2879 1951 2905 au

159 2944 338 2987 passage
359 2932 481 2988 apres
505 2932 547 2972 la
578 2931 698 2973 faute
726 2931 802 2988 qui
822 2947 845 2973 a
869 2931 1065 2989 defigure
1097 2932 1136 2973 le
1162 2932 1337 2973 dernier
1362 2938 1454 2973 mot
1485 2931 1544 2972 du
1583 2947 1679 2972 vers
1702 2957 1762 2961 -—
1795 2939 1951 2971 seueris

159 2995 400 3049 Livineius,
435 3012 602 3039 seuerus
633 2999 776 3040 Ambr.
791 3000 839 3047 V,
879 3000 1032 3040 amone
1064 3014 1142 3056 par
1165 3008 1304 3040 iratus.
1344 3024 1398 3030 --
1425 2999 1498 3043 23.
1537 3007 1666 3047 qualis
1702 3009 1950 3046 quantusque

158 3062 209 3110 F,
238 3071 334 3104 deus
364 3072 431 3105 hic
455 3063 687 3113 quantique
718 3066 883 3117 Ambr.,
915 3075 1012 3107 deus
1035 3075 1101 3107 hic
1133 3078 1356 3117 quantunq;
1394 3066 1460 3112 V¹,
1502 3064 1812 3121 interpolation
1851 3079 1952 3120 pro-

158 3134 320 3170 venant
340 3129 423 3171 soit
448 3130 500 3171 de
527 3145 574 3172 ce
598 3146 683 3188 que
716 3141 846 3181 qua1is
874 3133 979 3174 etait
1006 3132 1175 3173 devenu
1211 3132 1513 3183 illisible,.soit
1545 3131 1598 3171 de
1633 3146 1679 3172 ce
1709 3130 1817 3186 qu’il
1839 3145 1862 3171 a
1882 3130 1953 3170 ete-

159 3194 250 3252 pris
273 3211 386 3252 pour
408 3211 496 3237 une
517 3197 750 3254 repetition
775 3199 938 3240 fautive
962 3199 1015 3240 de
1052 3209 1200 3247 quales.
1239 3225 1290 3231 —
1318 3199 1392 3243 26.
1420 3207 1567 3240 sentiat
1604 3198 1764 3243 Ambr„
1804 3205 1950 3238 sentiet

170 3262 220 3313 V,
247 3262 324 3318 qui
362 3262 433 3303 n'a
459 3278 533 3319 pas
567 3264 756 3322 compris
780 3265 888 3321 qu'il
931 3265 1141 3322 s'agissait
1176 3266 1282 3306 d'un
1319 3280 1434 3306 voeu.
1478 3290 1535 3296 -
1577 3264 1649 3308 32.
1686 3273 1829 3304 multos
1875 3264 1944 3310 V2‚

162 3337 307 3369 multas
320 3329 464 3372 Ambr.
481 3331 528 3371 V1
546 3331 689 3372 Plant.
702 3364 711 3382 ‚
736 3332 811 3388 qui
826 3333 966 3388 parait
979 3333 1068 3374 etre
1083 3347 1169 3373 une
1184 3332 1424 3373 correction
1439 3346 1550 3387 pour
1566 3330 1726 3370 unifier
1742 3329 1781 3370 le
1796 3343 1942 3385 genre.

162 3418 218 3425 —
233 3394 373 3451 Apres
397 3394 438 3436 le
461 3411 556 3438 vers
578 3396 634 3441 32
659 3412 914 3440 commence
936 3399 1040 3439 dans
1065 3400 1208 3441 Ambr.
1224 3400 1257 3439 V
1280 3413 1367 3438 uno
1397 3396 1597 3439 nouvelle
1612 3396 1773 3452 elegie3
1803 3395 1951 3436 Muret

158 3459 200 3508 le
225 3461 418 3518 premier
442 3477 466 3504 a
491 3463 618 3505 reuni
638 3464 700 3506 les
727 3464 841 3506 deux
863 3480 1110 3507 morceaux.
