2384 4062
908 377 1180 412 LYGDAMUS
1642 391 1646 396 >
1831 380 1859 415 2
1869 381 1896 415 2
1906 364 1936 416 3

299 486 514 558 Eoique
547 485 760 539 Arabes
795 484 954 537 diues
985 493 1040 536 et
1072 483 1320 556 Assyria,

151 577 224 630 Et
255 576 436 628 nostri
470 594 745 628 memores
780 573 1041 627 lacrimae
1079 572 1385 626 fundantur
1419 573 1652 626 eodem:
1868 579 1936 630 25

307 665 399 719 Sic
434 684 538 740 ego
574 663 835 736 componi
867 683 1065 715 uersus
1100 661 1158 714 in
1195 682 1320 715 ossa
1353 662 1559 727 uelim;

154 755 268 809 Sed
300 755 521 807 tristem
556 753 751 806 mortis
787 752 1137 805 demonstret
1170 751 1359 804 littera
1394 771 1615 805 causam

301 843 485 915 Atque
518 843 655 895 haec
687 841 746 894 in
780 841 991 894 celebri
1026 840 1272 893 carmina
1308 840 1490 893 fronte
1525 852 1716 894 notet:

154 954 180 984 «
218 933 535 1007 Lygdamus
570 931 660 984 hic
695 930 833 983 situs
869 940 987 994 est3
1027 929 1188 982 dolor
1220 930 1351 982 huic
1387 941 1443 982 et
1476 950 1608 982 cura
1641 931 1901 997 Neaerae,

303 1021 573 1095 Coniugis
608 1030 856 1092 ereptae,
894 1039 1059 1071 causa
1093 1018 1279 1090 perire
1315 1018 1440 1071 fuit.
1483 1040 1507 1070 »
1866 1021 1935 1075 30

1007 1287 1083 1338 III

151 1510 303 1577 Quid
335 1510 568 1582 prodest
602 1509 817 1562 caelum
853 1509 999 1561 uotis
1034 1508 1322 1580 implesse,
1360 1511 1594 1572 Neaera,

296 1599 622 1670 Blandaque
657 1618 781 1651 cum
818 1598 993 1650 multa
1026 1609 1151 1650 tura
1185 1598 1408 1651 dedisse
1444 1619 1633 1670 prece,

146 1691 271 1744 Non
302 1699 366 1741 ut
397 1688 695 1741 marmorei
729 1687 1017 1760 prodirem
1054 1707 1081 1739 e
1117 1687 1310 1740 limine
1345 1688 1480 1740 tecti

298 1777 543 1852 Insignis
578 1777 727 1830 clara
761 1776 1210 1849 conspicuusque
1247 1776 1435 1840 domo,

148 1867 260 1922 Aut
291 1877 353 1920 ut
385 1866 558 1919 multa
594 1866 703 1919 mei
737 1876 1077 1918 renouarent
1110 1865 1305 1940 iugera
1340 1865 1487 1918 tauri
1904 1870 1935 1921 5
2007 1891 2009 1893 ·

297 1958 369 2008 Et
403 1975 632 2030 magnas
667 1974 877 2007 messes
911 1966 1063 2008 terra
1096 1955 1341 2029 benigna
1376 1955 1556 2019 daret,

155 2045 268 2100 Sed
300 2056 486 2098 tecum
518 2055 581 2097 ut
613 2044 813 2118 longae
849 2044 1119 2096 sociarem
1157 2044 1358 2118 gaudia
1391 2045 1539 2098 uitae

298 2136 473 2206 Inque
507 2144 603 2186 tuo
637 2133 865 2186 caderet
898 2144 1090 2186 nostra
1124 2145 1349 2186 senecta
1383 2134 1530 2197 sinu,

147 2225 305 2277 Tunc
339 2243 464 2275 cum
499 2242 797 2295 permenso
834 2221 1132 2275 defunctus
1167 2233 1422 2294 tempore
1456 2223 1605 2277 uitae

294 2312 487 2366 Nudus
520 2312 759 2364 Lethaea
798 2331 1033 2386 cogerer
1066 2311 1148 2363 ire
1186 2312 1348 2364 rate?
1867 2335 1931 2370 10

144 2403 282 2456 Nam
317 2421 488 2475 graue
523 2400 660 2472 quid
693 2400 926 2473 prodest
959 2400 1179 2472 pondus
1214 2401 1352 2453 mihi
1386 2401 1580 2455 diuitis
1617 2404 1736 2456 auri

144 2624 218 2670 24.
242 2633 354 2667 diues
374 2624 577 2672 Ambr.V‚
612 2631 776 2674 pinquis
800 2624 842 2670 C(
856 2639 867 2677 3
890 2622 934 2665 13
956 2624 1190 2682 repetition
1214 2631 1319 2682 peut
1344 2625 1434 2668 etre
1466 2626 1527 2668 du
1562 2627 1642 2670 fait
1673 2627 1728 2670 de
1764 2628 1934 2686 Lygda-

147 2706 246 2734 mus
264 2706 276 2745 ;
305 2690 388 2733 elle
408 2696 514 2748 peut
528 2690 734 2748 provenir
758 2690 871 2732 aussi
902 2689 955 2732 de
980 2689 1319 2734 l'inadvertance
1343 2692 1450 2734 d'un
1471 2693 1625 2736 scribe.
1650 2720 1708 2726 —
1734 2693 1806 2740 29.
1834 2712 1932 2738 cura

146 2767 329 2801 Neaerae
363 2758 420 2812 (Τ,
451 2757 498 2800 ci
534 2757 700 2806 Ambr„
729 2773 824 2799 cara
866 2757 911 2805 V,
941 2773 1066 2799 neera
1094 2758 1299 2806 Ambr.V,
1336 2759 1568 2802 confusion
1601 2761 1654 2802 de
1688 2768 1801 2804 mots
1839 2763 1933 2804 voi-

146 2825 236 2867 sins
251 2824 306 2867 de
329 2825 470 2867 forme
491 2829 733 2882 provenant
757 2823 890 2866 d’une
914 2823 1197 2882 intelligence
1213 2825 1484 2869 insuffisante
1504 2826 1565 2868 du
1586 2833 1716 2870 texte.

209 2981 298 3026 III.
326 2979 407 3032 III,
431 2980 474 3025 7.
498 2976 662 3022 sociare*
684 2979 732 3028 G,
761 2988 965 3022 sociat-ent
989 2981 1195 3030 Ambr.V,
1230 2981 1349 3023 faute
1383 2965 1717 3039 probablement
1748 2984 1929 3026 amence

147 3061 227 3105 par
239 3047 280 3089 le
298 3046 458 3104 pluriel
481 3046 557 3104 qui
577 3047 665 3088 suit
687 3051 731 3088 et
748 3061 837 3088 une
857 3046 998 3089 fausse
1019 3047 1299 3105 intelligence
1323 3047 1384 3089 du
1404 3054 1534 3092 texte.

142 3179 280 3226 11-22
303 3179 425 3236 (saus
438 3178 602 3236 14-15)
624 3181 729 3222 Eme.
754 3180 859 3222 Par.
887 3179 1149 3223 L'omission
1174 3180 1248 3223 des
1282 3196 1377 3223 vers
1397 3164 1532 3226 14-15
1557 3183 1698 3239 parait
1718 3184 1840 3226 avoir
1859 3185 1927 3226 etc

198 3246 437 3289 volontaire
456 3261 569 3303 pour
592 3245 726 3288 evitet
745 3246 807 3288 les
831 3246 944 3288 deux
961 3262 1088 3289 noms
1114 3262 1293 3305 propres
1325 3253 1422 3306 trop
1445 3249 1719 3306 particuliers
1748 3250 1808 3292 du
1831 3267 1929 3293 vers

205 3312 278 3358 14.

199 3423 272 3469 11.
315 3433 416 3466 Nam
463 3438 590 3474 graue
640 3431 735 3473 quid
778 3432 944 3473 prodest
987 3432 1146 3473 pondus
1191 3433 1292 3466 mihi
1339 3425 1482 3468 Ambr.
1498 3426 1546 3475 V,
1597 3434 1695 3468 Ouid
1733 3436 1927 3476 prodesse
