2384 4062
875 398 935 430 LE
975 384 1324 432 PANficrmer
1890 406 1916 441 2
1927 390 1994 460 37

356 508 515 562 Alter
549 507 696 560 dicat
731 525 870 577 opus
906 505 1094 579 magni
1129 505 1384 558 mirabile
1421 509 1637 572 mundi,

202 598 400 666 Qualis
434 597 492 649 in
526 596 801 660 immenso
836 594 1121 647 desederit
1157 614 1283 646 aere
1318 595 1508 659 tellus,

208 687 402 754 Qualis
438 698 493 739 et
526 686 583 737 in
619 704 851 737 curuum
886 694 1091 754 pontus
1126 683 1458 737 confluxerit
1492 687 1707 750 orbem,
1928 709 1996 744 2o

218 779 283 832 Vt
306 796 505 851 uagus,
544 795 572 827 e
606 773 773 846 terris
809 792 916 844 qua
951 792 1182 846 surgere
1218 773 1439 837 nititur,
1473 794 1567 826 aer

207 865 349 919 Huic
384 875 439 917 et
472 873 765 917 contextus
801 861 1008 934 passim
1043 860 1178 913 fluat
1211 861 1411 936 igneus
1447 865 1641 916 aether

209 953 597 1025 Pendentique
633 971 802 1024 super
836 950 1167 1003 claudantur
1199 961 1262 1002 ut
1294 951 1479 1004 omnia
1515 953 1702 1017 caelo;

206 1043 303 1107 At,
342 1042 734 1116 quodcumque
770 1034 923 1093 meae
960 1050 1228 1111 poterunt
1261 1041 1467 1093 audere
1503 1062 1784 1105 camenae,

211 1134 325 1187 Seu
357 1132 462 1185 tibi
495 1151 596 1204 par
629 1140 914 1203 poterunt,
954 1149 1072 1192 seU,
1111 1130 1263 1201 quod
1298 1150 1426 1202 spes
1462 1132 1676 1194 abnuit,
1714 1132 1882 1195 ultra,
1930 1135 1996 1185 25

214 1222 346 1276 Siue
382 1221 657 1273 minus—
690 1230 955 1290 certeque
990 1230 1194 1271 canent
1226 1219 1409 1272 minus
1429 1254 1521 1283 —,
1546 1241 1709 1274 omne
1733 1241 2000 1274 uouemus

210 1312 327 1365 Hoc
361 1310 486 1373 tibi,
525 1329 626 1362 nec
660 1319 815 1361 tanto
852 1319 1040 1360 careat
1074 1308 1211 1359 mihi
1247 1309 1493 1362 carmine
1527 1311 1752 1362 charta:

207 1401 369 1462 Nam,
408 1418 743 1472 quamquam
779 1396 1039 1470 antiquae
1076 1397 1261 1471 gentis
1298 1410 1568 1470 superant
1600 1400 1705 1452 tibi
1740 1400 1957 1463 laudes,

205 1490 331 1543 Non
363 1499 458 1541 tua
491 1488 764 1540 maiorum
798 1497 1123 1540 contentast
1158 1487 1338 1562 gloria
1374 1487 1520 1541 fama

205 1579 322 1632 Nec
356 1576 579 1650 quaeris
615 1576 750 1649 quid
783 1595 1002 1648 quaque
1038 1576 1206 1628 index
1241 1578 1343 1629 sub
1378 1577 1623 1652 imagine
1660 1578 1829 1641 dicat,
1930 1580 2000 1632 30

143 1721 146 1723 ,
217 1667 328 1721 Sed
363 1666 586 1742 generis
620 1666 837 1738 priscos
873 1665 1168 1718 contendis
1202 1666 1433 1719 uincere
1468 1668 1732 1731 honores,

212 1757 393 1823 Quam
426 1755 531 1808 tibi
555 1755 804 1832 'maiores
840 1754 1017 1807 maius
1053 1755 1224 1807 decus
1258 1755 1379 1828 ipse
1418 1755 1619 1809 futuris
1647 1777 1658 1821 ;

212 1845 286 1899 At
317 1857 413 1899 tua
445 1865 557 1897 non
590 1844 787 1897 titulus
823 1844 1006 1916 capiet
1040 1845 1143 1896 sub
1179 1845 1404 1897 nomine
1440 1845 1604 1910 facta,

211 1935 456 1988 Aeterno
492 1934 591 1987 scd
625 1945 790 1986 erunt
823 1933 927 1986 tibi
962 1953 1163 2008 magna
1195 1934 1481 1987 uolumina
1515 1956 1682 1989 uersu

212 2023 699 2095 Conuenientque,
736 2034 858 2075 tuas
894 2023 1085 2095 cupidi
1120 2043 1458 2096 componere
1493 2024 1708 2088 laudes,
1930 2027 1998 2079 35

206 2279 370 2320 pacauit
385 2270 535 2312 Ambr.
550 2271 596 2317 V,
622 2268 852 2311 confusion
876 2268 929 2310 de
954 2268 1068 2310 deux
1101 2275 1213 2311 mots
1234 2270 1395 2312 voisins
1431 2271 1485 2313 de
1509 2271 1665 2314 forme.
1702 2297 1755 2304 —-
1790 2271 1863 2317 18.
1895 2280 2002 2314 dicat

218 2337 312 2381 VA2
337 2336 527 2393 (d’apres
550 2335 728 2392 Hiller),
755 2344 878 2378 dictat
900 2337 1011 2384 FA1‚
1043 2337 1161 2378 faute
1186 2338 1262 2394 qui
1289 2337 1426 2394 parait
1445 2339 1652 2396 provenir
1687 2338 1740 2380 de
1777 2354 1823 2381 ce
1852 2355 1937 2396 que
1962 2339 2001 2380 lc

207 2403 453 2461 subj0nctif
469 2403 541 2445 n'a
562 2419 637 2460 pas
661 2404 728 2444 ete
753 2403 958 2460 compris.
982 2429 1040 2434 —
1064 2403 1137 2448 21.
1168 2417 1210 2446 ut
1234 2404 1456 2458 Heinsius,
1477 2419 1517 2448 et
1541 2407 1685 2449 Ambr.
1700 2409 1745 2453 V,
1772 2405 2001 2448 confusion

206 2470 265 2513 de
289 2470 403 2512 deux
428 2475 541 2512 mots
563 2469 725 2512 voisins
745 2469 798 2511 de
819 2470 977 2511 forme.
997 2495 1056 2502 -—
1081 2470 1152 2515 22.
1171 2479 1274 2513 Huic
1298 2473 1334 2514 G
1356 2473 1517 2521 Flam„
1548 2482 1653 2515 Hinc
1670 2474 1813 2516 Ambr.
1829 2474 1874 2521 V,
1901 2487 2003 2514 con-

208 2537 356 2580 fusion
387 2537 442 2579 de
473 2538 514 2579 αἰ
537 2542 580 2579 et
609 2536 663 2578 de
698 2538 754 2578 in.
782 2562 840 2569 —
871 2547 988 2578 Hunc
1020 2549 1059 2579 et
1083 2547 1316 2586 comp1exus
1352 2538 1568 2597 Nemethy
1600 2541 1850 2597 conjecture
1879 2538 2004 2596 inge-

209 2603 375 2647 nieuse.
400 2628 458 2636 —
481 2603 555 2649 24.
589 2613 642 2646 At
668 2604 710 2651 <1-
715 2637 725 2656 ,
752 2613 800 2646 Et
822 2605 966 2646 Ambr.
981 2605 1030 2658 V,
1065 2605 1295 2647 confusion
1330 2606 1498 2648 usuelle
1532 2608 1712 2649 amenee
1739 2621 1834 2648 sans
1869 2605 2001 2648 doute

209 2670 268 2714 ici
292 2686 370 2727 par
393 2671 454 2712 les
478 2683 518 2713 et
542 2670 788 2729 precedant.

267 2795 404 2842 29-28
428 2796 554 2854 (dans
579 2802 646 2839 cet
674 2796 821 2854 ordre)
846 2797 983 2842 31-32
1001 2797 1117 2853 (vers
1142 2798 1200 2843 30
1225 2799 1467 2856 supprime,
1492 2815 1587 2842 sans
1612 2799 1742 2841 doute
1767 2813 1940 2841 comme

884 2864 1061 2922 obscur)
1082 2867 1187 2907 Eaec.
1214 2867 1320 2908 Par.

266 2980 340 3026 28.
365 2990 465 3023 Nam
481 2997 720 3030 quamquam
738 2991 966 3032 antiqu(a)e
980 2993 1111 3033 qentis
1127 2997 1322 3033 superant
1341 2992 1411 3026 tibi
1436 2994 1576 3026 Iaudes
1589 2985 1731 3026 Ambr.
1748 2986 1796 3032 V,
1815 2991 2002 3025 Quamuis

204 3057 372 3097 antique
395 3060 586 3096 supet-ent
618 3058 811 3097 preconia
840 3059 972 3099 gentis
999 3052 1105 3091 Eoec.
1135 3052 1261 3099 Par„
1289 3051 1449 3092 double
1474 3051 1800 3108 interpolation,
1831 3050 1872 3091 la
1904 3065 2003 3106 pre-

210 3114 348 3156 miere
364 3129 443 3171 par
458 3115 732 3172 suppression
746 3115 799 3156 dc
819 3132 912 3157 nam
934 3116 1011 3173 qui
1033 3132 1087 3157 ne
1109 3117 1287 3174 pouvait
1302 3117 1620 3174 plus-subsister
1635 3133 1723 3158 une
1742 3117 1822 3158 fois
1843 3115 2002 3158 l'ordre

208 3181 452 3233 interverti,
472 3181 512 3222 la
532 3181 714 3223 seconde
731 3198 843 3239 pour
861 3182 1030 3225 donner
1047 3198 1103 3225 au
1125 3184 1374 3241 cinquieme
1398 3184 1498 3241 pied
1515 3199 1604 3225 une
1622 3184 1762 3225 forme
1780 3183 1875 3240 plus
1897 3181 2003 3224 clas-

203 3247 348 3305 sique.
377 3273 430 3280 —
453 3247 526 3292 30.
551 3257 645 3296 quid
670 3264 826 3297 quaque
849 3258 974 3291 index
1008 3252 1057 3297 F,
1091 3260 1186 3298 quid
1211 3266 1288 3299 qua
1319 3259 1442 3292 iudex
1466 3251 1670 3297 Ambr.V‚
1693 3249 1922 3291 confusion
1948 3249 2001 3289 dc

213 3314 252 3355 in
277 3319 320 3356 et
343 3313 396 3355 de
421 3315 474 3359 ui,
505 3315 642 3356 suivie
676 3314 1030 3373 d'interpolation
1061 3332 1174 3373 pour
1207 3323 1362 3358 mettre
1386 3317 1425 3358 le
1461 3332 1555 3358 vers
1589 3332 1664 3358 sur
1689 3331 1751 3357 ses
1775 3315 1911 3373 pieds.
1942 3341 2001 3345 —

207 3380 282 3425 31.
306 3389 382 3422 Sed
401 3390 563 3430 genez-is
573 3390 731 3430 priscos
744 3392 950 3424 contendis
966 3392 1129 3424 uincere
1150 3392 1326 3425 honores
1342 3385 1485 3425 Ambr.
1501 3386 1546 3430 V,
1578 3392 1747 3425 Vincere
1760 3391 1829 3423 sed
1844 3390 2001 3430 priscos

200 3455 367 3497 generis
382 3456 590 3490 contendis
609 3457 785 3491 honores
802 3451 891 3491 ΕΜ
915 3451 1041 3502 Para,
1068 3450 1378 3507 interpolation
1407 3465 1520 3507 pour
1544 3450 1793 3506 supprimer
1813 3447 2000 3489 l'elision
