2384 4062
1043 401 1316 435 LYGDAMUS

435 512 713 566 Immitem
750 508 1031 563 dominam
1067 507 1502 581 coniugiumque
1538 506 1738 560 ferum.

286 604 438 677 Ergo
474 621 543 654 ne
578 600 772 654 dubita
805 597 1038 651 blandas
1073 596 1339 649 adhibere
1376 595 1691 667 querellas:

435 691 751 746 Vincuntur
785 686 939 740 molli
973 696 1203 758 pectora
1236 685 1375 737 dura
1408 705 1595 757 prece.

287 780 451 847 Quod
486 779 533 832 si
566 798 700 832 uera
734 787 940 830 canunt
974 774 1147 827 sacris
1183 774 1408 826 oracula
1442 773 1690 846 templis,

434 870 582 922 Haec
615 866 699 919 illi
732 876 924 919 nostro
960 863 1185 916 nomine
1221 863 1367 915 dicta
1403 862 1585 915 refer:

283 957 401 1009 Hoc
434 956 538 1009 tibi
571 955 894 1030 coniugium
928 953 1209 1026 promittit
1242 951 1435 1004 Delius
1469 952 1625 1024 ipse;

433 1045 591 1098 Felix
622 1046 749 1107 hoc,
789 1043 958 1096 alium
993 1042 1187 1095 desine
1222 1041 1368 1093 uelle
1403 1041 1607 1093 uirum.
1650 1063 1674 1092 »

282 1134 437 1187 Dixit
470 1145 525 1187 et
557 1134 794 1209 ignauus
830 1131 1062 1186 defluxit
1095 1150 1331 1203 corpore
1368 1150 1616 1182 somnus.

430 1223 497 1286 A,
537 1243 640 1298 ego
676 1242 745 1274 ne
781 1222 993 1294 possim
1027 1231 1181 1273 tanta
1214 1220 1408 1272 uidere
1445 1219 1621 1272 mala!

283 1313 397 1366 Nec
430 1313 535 1365 tibi
563 1311 904 1364 crediderim
939 1310 1086 1363 uotis
1123 1309 1405 1362 contraria
1439 1320 1570 1362 uota

429 1403 542 1456 Nec
575 1413 792 1454 tantum
826 1400 1041 1452 crimen
1075 1410 1304 1471 pectore
1339 1399 1523 1451 inesse
1557 1410 1688 1451 tuo:

279 1491 418 1545 Nam
453 1502 506 1543 te
540 1510 642 1543 nec
677 1489 821 1542 uasti
857 1500 1176 1564 genuerunt
1210 1508 1451 1560 aequora
1485 1488 1644 1560 ponti

429 1581 542 1634 Nec
576 1579 856 1632 flammam
891 1579 1127 1631 uoluens
1164 1598 1259 1630 ore
1296 1578 1591 1630 Chimaera
1624 1576 1742 1630 fero

281 1670 394 1723 Nec
427 1672 583 1722 canis
618 1669 895 1743 anguinea
931 1667 1225 1720 redimitus
1261 1678 1419 1741 terga
1454 1679 1697 1729 caterua,

431 1759 533 1812 Cui
567 1770 682 1811 tres
718 1769 847 1811 sunt
879 1757 1105 1831 linguae
1139 1757 1630 1831 tergeminumque
1665 1767 1851 1828 caput,

283 1831 579 1921 Scyllaque
614 1847 927 1921 uirgineam
963 1847 1194 1899 canibus
1229 1846 1511 1898 succincta
1545 1846 1781 1920 figuram

426 1939 540 1991 Nec
573 1949 628 1990 te
664 1947 993 2009 conceptam
1029 1956 1195 1989 saeua
1228 1936 1423 1988 leaena
1455 1936 1586 1988 tulit

280 2027 528 2079 Barbara
563 2046 665 2079 nec
706 2026 965 2098 Scythiae
999 2026 1168 2078 tellus
1202 2025 1556 2078 horrendaue
1597 2025 1798 2097 Syrtis,

433 2110 542 2169 Sed
577 2116 726 2168 culta
759 2127 814 2168 et
847 2115 1003 2168 duris
1038 2136 1150 2167 non
1184 2115 1486 2167 habitanda
1521 2114 1720 2167 domus

278 2205 350 2257 Et
381 2204 549 2279 longe
585 2216 710 2257 ante
746 2204 880 2257 alias
916 2224 1109 2257 omnes
1146 2204 1441 2256 mitissima
1476 2215 1654 2257 mater

427 2295 591 2366 Isque
626 2305 805 2366 pater,
845 2314 953 2366 quo
989 2313 1101 2346 non
1136 2293 1277 2345 alter
1310 2293 1624 2345 amabilior.

278 2384 426 2436 Haec
461 2383 597 2436 deus
631 2383 688 2434 in
723 2383 922 2435 melius
958 2382 1207 2435 crudelia
1241 2382 1456 2434 somnia
1487 2393 1672 2435 uertat

427 2474 498 2525 Et
531 2473 722 2525 iubeat
757 2472 977 2545 tepidos
1011 2473 1183 2544 impia
1219 2471 1365 2524 ferre
1400 2473 1609 2526 Notos!

997 2674 1071 2719 76.
1098 2675 1202 2716 E'aec.
1228 2674 1332 2716 Par.

1961 402 2065 456 229

1997 1041 2068 1094 80

1991 1951 2063 2004 90

321 2783 404 2830 80.
426 2793 503 2827 hoc
523 2787 573 2833 F,
607 2801 654 2827 ac
674 2787 818 2828 Ambr.
834 2787 879 2834 V,
909 2785 1142 2828 confusion
1166 2785 1243 2843 qui
1267 2801 1378 2827 nous
1409 2786 1564 2828 eclaire
1589 2802 1663 2828 sur
1698 2785 1758 2827 les
1782 2784 2059 2842 negligences

271 2849 327 2893 de
358 2851 554 2894 Ambr.V
582 2878 640 2884 —
664 2852 738 2897 84.
763 2865 930 2902 pectore
954 2853 1116 2901 Ambr.,
1145 2862 1302 2902 pectori
1342 2854 1409 2900 V1‚
1436 2853 1676 2895 correction
1714 2850 2052 2909 grammaticale.

271 2943 332 2949 -—
362 2917 436 2963 87.
464 2926 576 2961 canis
599 2929 800 2968 anguinea
833 2919 901 2967 V2,
932 2928 1231 2969 consenquinea
1265 2921 1408 2962 Ambr.
1423 2922 1457 2963 V
1461 2921 1473 2947 1
1494 2935 1504 2973 ;
1539 2919 1580 2960 le
1600 2918 1738 2971 scribe
1764 2934 1787 2960 a
1807 2933 1884 2959 cru
1907 2932 2055 2960 recon-

272 2983 412 3026 naitre
442 2999 506 3026 un
538 2991 631 3027 mot
666 2986 774 3043 qu'il
800 2986 912 3028 avait
945 2985 1051 3027 dans
1078 2986 1244 3043 l’esprit
1262 3003 1273 3040 ;
1310 2995 1486 3037 anquina
1519 2985 1734 3043 Postgate.
1767 3011 1825 3016 --
1860 2984 1929 3030 89,
1969 3000 2063 3025 suc-

269 3058 400 3092 cincta
420 3051 472 3099 F,
495 3061 699 3094 submixta
731 3053 875 3096 Ambr.
890 3054 935 3101 V,
966 3053 1043 3110 qui
1064 3059 1170 3110 peut
1193 3053 1283 3094 etre
1307 3068 1394 3094 une
1427 3053 1667 3094 correction
1688 3052 1741 3093 de
1768 3051 2057 3092 demi-savam

269 3117 352 3173 (ou
376 3116 454 3174 qui
477 3118 654 3160 renvoie
675 3121 699 3160 a
722 3128 895 3161 subnixa
917 3119 968 3176 P).
1002 3145 1060 3152 —
1092 3119 1166 3165 96.
1189 3129 1313 3169 impia
1337 3121 1481 3169 Ambr.
1498 3121 1544 3168 V,
1572 3119 1648 3176 qui
1670 3119 1778 3160 n'est
1798 3134 1872 3175 pas
1895 3118 2059 3175 impos-

269 3182 395 3235 sible,
422 3192 542 3226 irrita
569 3185 611 3232 C,-
630 3186 792 3234 Plant„
821 3186 898 3244 qui
922 3191 1028 3244 peut
1048 3186 1184 3228 n’etre
1206 3187 1370 3244 qu'une
1392 3186 1632 3229 correction
1652 3185 1819 3227 banale.
