2384 4062
340 315 361 347 1
377 298 443 349 52
1115 315 1326 348 TIBULLE

332 422 470 474 Nam
504 441 764 483 ueneror,
804 441 899 473 seu
936 421 1107 492 stipes
1141 421 1311 473 habet
1343 420 1596 472 desertus
1630 418 1687 470 in
1721 418 1870 492 agris

486 511 594 562 Seu
628 521 789 562 uetus
823 509 880 561 in
915 509 1083 561 triuio
1117 507 1315 561 florida
1349 518 1496 560 serta
1529 507 1690 578 lapis,

333 597 424 660 Et,
462 598 851 670 quodcumque
888 597 1023 649 mihi
1058 617 1283 669 pomum
1318 616 1495 648 nouus
1530 595 1728 647 educat
1760 614 1956 659 annus,

481 686 735 738 Libatum
771 686 1049 760 agricolae
1084 686 1313 757 ponitur
1345 695 1470 736 ante
1505 683 1637 747 deo;

333 773 504 826 Flaua
539 775 728 837 Ceres,
766 774 869 826 tibi
904 774 976 826 sit
1009 785 1200 826 nostro
1237 773 1304 825 de
1341 792 1467 824 rure
1503 791 1706 824 corona
2036 773 2099 825 15

485 863 703 933 Spicea,
741 882 880 933 quae
916 862 1112 934 templi
1149 861 1392 933 pendeat
1425 871 1549 913 ante
1585 859 1753 922 fores,

331 950 694 1021 Pomosisque
731 952 901 1002 ruber
935 961 1120 1002 custos
1156 960 1396 1022 ponatur
1427 949 1485 1000 in
1519 949 1717 1010 hortis,

480 1040 711 1090 Terreat
744 1050 804 1090 ut
838 1058 1002 1090 saeua
1036 1038 1175 1090 falce
1212 1038 1449 1109 Priapus
1484 1057 1648 1100 aues;

330 1127 442 1180 Vos
477 1146 718 1197 quoque,
750 1126 930 1178 felicis
967 1126 1247 1197 quondam
1283 1146 1430 1177 nunc
1465 1125 1725 1196 pauperis
1761 1124 1880 1198 agri

481 1215 774 1277 CustodeS,
806 1214 964 1266 fertis
1002 1235 1231 1266 munera
1265 1225 1471 1276 uestra,
1509 1216 1676 1265 Lares
2033 1231 2102 1268 20

327 1335 402 1342 -—
435 1304 588 1355 Tunc
622 1303 798 1355 uitula
832 1303 1157 1355 innumeros
1193 1302 1467 1355 lustrabat
1500 1322 1656 1354 caesa
1689 1302 1976 1364 iuuencos,

477 1394 634 1467 Nunc
670 1411 810 1465 agna
845 1392 1087 1465 exiguist
1120 1392 1302 1443 hostia
1335 1411 1507 1462 parua
1542 1390 1644 1443 soli
1670 1424 1742 1429 —
1772 1411 1783 1442 z

334 1479 493 1553 Agna
527 1480 687 1531 cadet
718 1480 901 1542 uobis,
940 1500 1103 1550 quam
1140 1480 1348 1531 circum
1385 1479 1599 1531 rustica>
1623 1480 1799 1550 pubes

484 1567 727 1620 Clamet:
769 1590 795 1618 «
833 1567 921 1619 io!
962 1587 1169 1619 messes
1206 1578 1260 1619 et
1292 1568 1433 1619 bona
1468 1568 1598 1619 uina
1631 1567 1775 1619 date.
1818 1588 1843 1618 »

331 1657 446 1708 Iam
483 1656 647 1708 modo
681 1656 789 1707 iam
824 1656 1033 1727 possim
1069 1667 1364 1708 contentus
1397 1656 1588 1707 uiuere
1622 1676 1794 1727 paruo
2033 1657 2101 1708 25

476 1746 588 1798 Nec
624 1764 846 1816 semper
879 1743 1079 1818 longae
1115 1744 1338 1796 deditus
1374 1764 1493 1796 esse
1529 1744 1672 1806 uiae,

333 1833 444 1886 Sed
480 1833 644 1885 Canis
680 1833 920 1885 aestiuos
957 1844 1111 1884 ortus
1146 1833 1325 1884 uitare
1362 1833 1464 1885 sub
1498 1834 1695 1885 umbra

476 1922 709 1974 Arboris
745 1921 813 1974 ad
847 1922 999 1974 riuos
1034 1922 1443 1993 praetereuntis
1479 1941 1672 1992 aquae,

329 2172 472 2214 Ambr.
487 2172 532 2219 V,
574 2179 705 2212 feram
737 2172 842 2212 E'oec.
883 2172 1004 2218 Par„
1043 2171 1271 2212 confusion
1303 2171 1357 2212 de
1383 2171 1421 2228 s
1444 2176 1487 2213 et
1511 2170 1564 2212 de
1582 2170 1627 2227 f.
1657 2196 1715 2203 —-
1751 2170 1821 2216 14.
1857 2179 2101 2221 ayrico1ae...

327 2246 402 2279 deo
427 2237 587 2289 Muret,
612 2238 896 2294 aqr1’001(a)e...
924 2247 1040 2278 deum
1062 2239 1205 2280 Ambr.
1221 2240 1267 2284 V,
1286 2246 1546 2287 ayricfflam...
1565 2247 1679 2279 deum
1701 2238 1741 2284 C(
1759 2254 1770 2291 3
1795 2247 1909 2279 deum
1934 2243 1997 2280 est
2014 2252 2102 2280 une

327 2304 445 2346 faute
460 2304 636 2346 amence
649 2319 725 2360 par
749 2310 853 2351 ante,
886 2303 1045 2361 auquel
1070 2319 1126 2345 on
1157 2319 1180 2346 a
1207 2303 1339 2345 voulu
1368 2304 1535 2346 donner
1559 2319 1620 2345 un
1646 2304 1938 2361 complement
1961 2306 1984 2345 3
2002 2303 2103 2347 l'ac-

330 2370 488 2412 cusatif
497 2386 507 2423 3
532 2386 586 2411 en
615 2376 867 2412 conservant
895 2379 1098 2420 aqrz‘colae
1119 2371 1261 2412 Ambr.
1278 2371 1311 2411 V
1327 2376 1417 2411 met
1437 2385 1510 2411 sur
1529 2369 1569 2412 13
1593 2376 1706 2412 traco
1732 2371 1784 2411 de
1807 2370 1848 2412 la
1864 2371 2102 2413 correction

331 2437 630 2493 methodique‚
647 2436 751 2477 celle
772 2436 824 2477 de
840 2436 999 2488 Muret,
1023 2436 1164 2477 tandis
1188 2451 1272 2493 que
1293 2436 1398 2478 celle
1416 2436 1469 2478 de
1489 2437 1530 2483 C,-
1545 2442 1709 2478 estune
1730 2431 1967 2479 correction
1984 2436 2104 2479 four-

330 2502 477 2559 voyee.
491 2528 546 2534 —-
557 2503 627 2547 19.
642 2511 772 2544 felicis
796 2503 841 2550 V,
859 2511 997 2544 felices
1010 2503 1171 2549 Ambr.,
1188 2502 1414 2544 confusion
1429 2502 1481 2543 de
1496 2504 1563 2544 iet
1572 2503 1625 2544 de
1638 2518 1658 2543 e
1672 2503 1911 2544 influencee
1922 2518 2000 2560 par
2014 2518 2103 2544 une

331 2569 549 2610 mauvaise
562 2569 891 2626 interpretation
906 2569 964 2610 du
976 2574 1103 2610 texte.
1119 2594 1171 2599 —
1184 2569 1256 2612 22.
1271 2578 1407 2618 exiqui
1420 2581 1479 2611 est
1491 2570 1633 2611 Ambr.
1649 2570 1693 2617 V,
1708 2575 1752 2610 et
1764 2570 1958 2626 toujours
1974 2570 2097 2612 ainsi.

331 2660 387 2667 -
409 2634 481 2680 24.
506 2645 648 2677 c1amet
670 2636 720 2682 G,
749 2645 893 2676 cIamat
917 2635 1107 2678 Amer
1128 2634 1316 2691 (d'apres
1341 2634 1520 2692 Hiller),
1536 2634 1840 2692 interpolation
1864 2641 2103 2692 provenant

328 2701 385 2743 de
407 2716 455 2743 66
476 2717 560 2758 que
579 2701 619 2742 le
644 2701 884 2758 subjonctif
903 2701 972 2743 n’a
991 2716 1065 2758 pas
1089 2701 1155 2742 ete
1176 2701 1364 2758 compris
1375 2717 1386 2754 3
1406 2701 1446 2743 13
1459 2701 1698 2743 correction
1722 2711 1864 2744 cIamet
1884 2707 1947 2744 est
1962 2702 2100 2761 impo—

327 2767 399 2809 see
411 2783 488 2825 par
507 2767 548 2809 16
574 2783 683 2810 sens.

723 2893 796 2948 25,
825 2893 897 2946 33,
925 2893 997 2938 34.
1022 2894 1127 2934 Eoec.
1151 2893 1262 2934 Fris.
1286 2892 1445 2937 25-34.
1472 2894 1574 2934 Exc.
1603 2894 1707 2935 Par.

358 3019 360 3021 ·
389 3002 464 3048 25.
482 3011 566 3044 Iam
582 3012 697 3044 modo
710 3011 790 3044 iam
803 3011 953 3052 possim
967 3003 1070 3044 Eaec.
1087 3002 1197 3044 Fris.
1208 3035 1216 3049 ‚
1235 3011 1320 3043 Iam
1339 3011 1454 3044 modo
1471 3018 1550 3044 non
1562 3019 1722 3051 possum
1737 3003 1877 3045 Ambr.
1893 3005 1941 3052 V,
1955 3011 2105 3053 Quippe

329 3084 406 3118 eqo
426 3078 506 3110 iam
526 3085 687 3118 possum
708 3071 811 3112 Eme.
837 3070 940 3111 Par.
962 3084 972 3122 ;
993 3069 1034 3110 la
1050 3069 1171 3119 lecon
1193 3068 1266 3109 dos
1286 3070 1395 3110 Fris.
1418 3068 1561 3110 donne
1578 3084 1638 3110 un
1657 3083 1751 3110 sens
1774 3069 1983 3112 excellent
2002 3086 2011 3111 ε
2031 3069 2104 3112 Ti-

333 3134 449 3176 bulle
463 3135 612 3177 n’etait
633 3151 707 3192 pas
724 3136 797 3177 sur
810 3135 863 3176 de
876 3151 930 3176 ne
951 3150 1024 3192 pas
1045 3135 1134 3176 eti-e
1147 3149 1301 3176 encore
1315 3135 1447 3188 force,
1463 3149 1633 3176 comme
1645 3135 1677 3176 il
1688 3135 1833 3177 l'avait
1845 3137 1910 3177 cte
1924 3136 2036 3193 dejh,
2052 3135 2105 3177 de

333 3201 441 3242 faire
466 3216 703 3258 campagne
724 3217 836 3258 pour
859 3202 1032 3258 reparer
1051 3201 1112 3242 les
1132 3200 1310 3247 breches
1330 3200 1383 3242 (16
1416 3216 1459 3242 53
1483 3201 1656 3243 fortune
1688 3207 1730 3243 et
1753 3202 1947 3244 souhaite
1971 3202 2103 3260 qu’on

331 3268 374 3309 16
392 3267 515 3309 laisse
536 3267 646 3309 libre
670 3267 723 3309 de
743 3268 860 3310 vivre
879 3267 1197 3309 modestement
1213 3283 1223 3320 3
1249 3273 1358 3309 cette
1376 3267 1581 3309 situation
1601 3268 1774 3324 n’ayant
1795 3284 1869 3326 pas
1893 3269 1959 3310 ete
1987 3283 2106 3311 com-

332 3334 448 3391 prise
473 3349 496 3376 a
534 3335 687 3376 amene
712 3333 1053 3392 l'intcrpolation
1074 3333 1326 3376 maladroite
1350 3332 1403 3375 de
1435 3334 1577 3376 Ambr.
1594 3335 1650 3387 V,
1678 3334 1928 3391 l'eoecerptor
1950 3336 2053 3378 Par.
2081 3350 2106 3377 a
