2384 4062
0 2438 7 2446 .

0 2468 23 2520 t

0 2516 50 2597 ἓ

0 2683 20 2783 ἓ

0 2784 17 2877 Ε

0 3493 38 3548 [ι’

0 3550 20 3664 Ξ

0 3656 21 3722 ε

0 3766 16 3805 ξ

0 3379 33 3511 ξ,

0 3677 39 3767 ἐ

951 391 1165 424 TIBULLE
1843 396 1862 428 1
1876 380 1952 448 69

315 503 388 554 Et
423 500 589 555 Canis
626 498 807 553 arenti
840 507 1052 550 torreat
1085 517 1217 549 arua
1252 497 1365 560 siti,

165 590 435 658 Quamuis
471 600 803 662 praetexens
839 587 989 659 picta
1023 585 1310 660 ferrugine
1346 587 1559 640 caelum

314 681 619 735 Venturam
649 678 938 730 admoueat
970 674 1228 727 imbrifer
1262 695 1422 728 arcus
1458 696 1675 749 aquam,

164 769 288 832 Vel,
327 769 374 821 si
407 768 692 821 caeruleas
727 765 903 838 puppi
936 765 1091 817 uolet
1124 764 1205 816 ire
1240 785 1341 836 per
1373 765 1572 828 undas,
1881 770 1955 829 45.

209 849 212 852 ⁴
315 859 441 930 Ipse
476 857 659 910 leuem
696 874 847 908 remo
883 874 985 926 per
1018 852 1161 905 freta
1195 853 1343 925 pelle
1380 866 1554 906 ratem

163 949 277 1002 Nec
310 957 366 999 te
400 945 686 1019 paeniteat
718 944 890 996 duros
924 942 1163 995 subiisse
1198 942 1420 995 labores

311 1035 424 1089 Aut
456 1054 628 1107 opera
660 1034 909 1085 insuetas
944 1031 1240 1084 atteruisse
1276 1052 1471 1084 manus

163 1126 298 1188 Nec,
335 1124 475 1177 uelit
506 1123 728 1176 insidiis
763 1123 900 1174 altas
937 1121 982 1173 si
1018 1120 1278 1173 claudere
1315 1122 1512 1184 ualles,

313 1214 460 1266 Dum
494 1213 738 1285 placeas,
775 1210 956 1264 umeri
991 1210 1132 1262 retia
1166 1209 1313 1262 ferre
1350 1222 1594 1285 negent3
1881 1215 1956 1266 50.

169 1302 229 1357 Si
260 1303 415 1356 uolet
449 1322 621 1365 arma,
659 1300 772 1353 leui
805 1300 1107 1372 temptabis
1142 1300 1336 1352 ludere
1372 1300 1587 1364 dextra,

318 1393 496 1464 Saepe
532 1390 692 1444 dabis
725 1390 960 1453 nudum,
998 1389 1189 1442 uincat
1221 1400 1283 1442 ut
1314 1389 1430 1453 ille,
1469 1390 1646 1454 latus;

165 1482 321 1534 Tunc
359 1481 459 1534 tibi
487 1480 639 1533 mitis
675 1479 805 1543 erit,
845 1479 1028 1551 rapias
1063 1490 1180 1531 tum
1216 1499 1342 1531 cara
1375 1479 1572 1532 licebit

314 1570 556 1634 Oscula3
595 1568 892 1644 pugnabit,
931 1569 1030 1621 sed
1063 1579 1249 1620 tamen
1285 1579 1411 1640 apta
1445 1569 1632 1633 dabit;

165 1660 346 1732 Rapta
379 1659 535 1713 dabit
567 1659 771 1731 primo,
809 1669 939 1730 post
973 1657 1171 1710 afferet
1202 1657 1322 1729 ipse
1359 1659 1600 1732 roganti,
1880 1661 1955 1714 55

309 1750 444 1802 Post
477 1748 647 1801 etiam
682 1748 828 1800 collo
863 1767 921 1799 se
955 1747 1302 1819 implicuisse
1338 1747 1494 1799 uelit.

96 1848 98 1850 ’
163 1838 321 1892 Heu!
362 1838 507 1902 male
540 1858 687 1890 nunc
722 1848 870 1890 artes
906 1837 1138 1888 miseras
1172 1837 1566 1911 haeclsaecula
1591 1849 1869 1890 tractant:

312 1929 427 1980 Iam
461 1938 623 1980 tener
657 1926 916 1980 adsueuit
949 1945 1180 1978 munera
1214 1926 1360 1978 uelle
1396 1946 1555 1998 puer.

159 2141 303 2189 —43.
317 2151 427 2194 picta
443 2144 587 2186 Ambr.
603 2144 648 2192 V,
668 2151 784 2192 picea
811 2143 868 2195 (ζ’,
892 2142 1134 2185 correction
1156 2142 1231 2200 qui
1262 2143 1477 2200 remplace
1493 2158 1556 2184 un
1574 2149 1666 2185 mot
1682 2143 1956 2201 pittoresque

158 2224 238 2268 par
257 2224 321 2252 un
351 2215 445 2252 mot
464 2209 606 2252 banal.
636 2235 695 2242 —
713 2209 789 2255 44.
819 2218 1032 2251 admoueat
1056 2208 1151 2260 AC,
1171 2218 1334 2251 amiciat
1365 2210 1526 2257 Ambr„
1558 2220 1742 2252 annutiat
1773 2211 1843 2265 V1‚
1876 2220 1950 2252 ad-

160 2285 292 2319 mittat
315 2277 367 2319 V2
385 2276 610 2319 au-dessus
639 2276 698 2318 du
723 2282 818 2318 mot
838 2293 848 2329 3
872 2277 912 2318 le
936 2282 1028 2318 mot
1045 2276 1148 2318 etait
1166 2290 1220 2317 en
1241 2276 1379 2333 partie
1400 2276 1574 2318 illisible
1602 2277 1706 2318 dans
1730 2277 1949 2335 l'original

162 2342 217 2384 de
233 2343 424 2388 AmbrgV
438 2360 450 2397 ;
476 2343 536 2385 les
557 2344 740 2401 copistes
761 2358 816 2385 en
837 2349 914 2385 ont
939 2343 1020 2384 tire
1038 2358 1085 2385 ce
1111 2343 1240 2400 qu'ils
1257 2349 1334 2385 ont
1358 2359 1418 2401 pu
1439 2359 1448 2396 3
1478 2344 1589 2385 celui
1612 2343 1664 2385 de
1695 2345 1840 2386 Ambr.
1875 2359 1952 2402 pa-

158 2410 243 2452 rait
261 2410 380 2452 avoir
402 2410 630 2468 reproduit
664 2411 930 2468 loyalement
959 2426 1006 2452 ce
1035 2410 1146 2467 qu'il
1175 2410 1335 2467 voyait,
1378 2410 1491 2452 celui
1519 2410 1572 2452 de
1602 2412 1635 2453 V
1656 2411 1796 2468 pax-ait
1831 2411 1956 2453 avoir

158 2476 292 2519 voulu
311 2477 525 2520 atteindre
541 2493 603 2519 un
625 2492 720 2520 sens
742 2483 785 2519 et
805 2493 860 2519 en
873 2478 977 2519 effet
992 2477 1178 2519 annfitiat
1193 2478 1274 2534 (z
1287 2478 1518 2534 annuntiat)
1534 2477 1764 2520 donnerait
1774 2493 1836 2519 un
1854 2493 1956 2520 sens

158 2542 370 2600 plausible
388 2560 400 2598 3
428 2544 531 2587 c’est
547 2544 659 2586 donc
681 2544 734 2586 de
754 2544 795 2587 13
815 2544 982 2587 bourde
1004 2553 1167 2587 amiciat
1186 2544 1296 2601 qu'il
1318 2545 1411 2586 faut
1426 2545 1588 2602 parth-3
1617 2554 1799 2587 admittat
1815 2544 1868 2586 de
1897 2546 1949 2587 ΥΞ

157 2614 222 2652 est
239 2624 327 2652 une
351 2611 594 2653 correction
615 2611 669 2654 de
699 2612 892 2663 fortune,
916 2612 994 2669 qui
1019 2626 1074 2653 ne
1111 2627 1154 2653 se
1180 2611 1300 2669 prete
1338 2613 1361 2653 3
1392 2626 1562 2653 aucune
1598 2612 1858 2669 explication
1886 2627 1951 2653 sa—

156 2675 411 2719 tisfaisante.
438 2677 491 2720 Je
515 2677 766 2735 conjecture
792 2687 1015 2726 admoueat,
1038 2679 1114 2736 qui
1132 2678 1242 2719 n'est
1261 2693 1336 2735 pas
1361 2679 1447 2719 tres
1471 2678 1563 2720 loin
1591 2678 1643 2719 de
1673 2678 1714 2719 la
1741 2678 1953 2720 tradition

156 2742 523 2802 paleographique
543 2744 752 2801 (amoueat
766 2763 826 2785 z
846 2747 1092 2802 ammoneat)
1112 2751 1155 2787 et
1178 2745 1254 2803 qui
1275 2745 1383 2786 offre
1399 2759 1462 2786 un
1483 2759 1578 2787 sens
1595 2744 1872 2787 convenable.
1894 2770 1948 2776 —

155 2807 230 2855 48.
254 2819 468 2853 atter-uisse
498 2812 565 2860 V2,
606 2821 844 2854 atter-ruisse
867 2813 1012 2869 Ambr.
1036 2812 1225 2870 (d'apres
1251 2811 1411 2869 Hiller)
1446 2813 1516 2864 V1,
1551 2812 1670 2853 faute
1705 2812 1782 2869 qui
1812 2812 1951 2869 parait

155 2876 359 2934 provenir
381 2876 514 2920 d'une
535 2879 766 2921 confusion
788 2891 1082 2921 avec-terrere.
1104 2905 1159 2910 ——
1182 2878 1255 2924 53.
1286 2891 1378 2921 tunc
1402 2879 1545 2922 Ambr.
1560 2880 1616 2926 V,
1634 2891 1713 2920 tum
1739 2879 1781 2925 (ζ’
1796 2904 1854 2910 —-
1879 2887 1955 2921 tibi

166 2957 219 2999 V2
242 2972 299 3000 en
326 2973 492 3017 marge,
530 2945 570 3001 ὦ
604 2962 767 3009 Ambr„
803 2970 904 3003 mini
942 2961 1024 3015 V¹3
1051 2961 1093 3003 la
1117 2961 1358 3004 correction
1392 2970 1463 3003 tibi
1494 2960 1725 3018 s'impose;
1759 2960 1800 3001 13
1831 2960 1956 3002 faute·

155 3024 296 3082 paruit
328 3027 534 3083 provenit
572 3027 706 3070 d'une
745 3027 1013 3071 abreviation
1053 3029 1141 3070 mal
1172 3027 1424 3086 reproduite
1461 3053 1516 3059 —
1540 3023 1688 3069 zum‘V
1714 3026 1763 3069 οὗ
1781 3027 1942 3073 Ambr.‚

158 3091 388 3134 confusion
413 3093 467 3135 de
493 3100 574 3137 tet
597 3094 651 3137 de
687 3111 722 3137 c.
750 3121 807 3126 —
840 3095 914 3141 54.
954 3108 1046 3145 apta
1079 3097 1242 3144 Ambr.,
1284 3107 1372 3136 acta
1407 3107 1500 3144 apta
1547 3095 1591 3142 V,
1633 3094 1709 3151 qui
1745 3109 1767 3135 a
1799 3094 1955 3151 repare-

157 3169 538 3218 immediatement
557 3190 646 3217 une
671 3176 790 3218 faute
810 3176 864 3218 de
887 3176 1068 3230 lecture,
1092 3182 1318 3219 montrant
1338 3176 1448 3226 ainsi
1476 3192 1561 3233 que
1585 3188 1677 3224 apta
1703 3180 1766 3217 est
1788 3174 1890 3217 bien
1906 3175 1950 3217 la=

154 3235 281 3290 locon
303 3237 357 3281 de
381 3239 618 3299 l'original.
640 3268 694 3275 —
722 3243 797 3289 55.
833 3255 925 3292 post
941 3243 1086 3286 Ambr.
1120 3243 1309 3300 (d'apres
1334 3243 1515 3298 Hiller),
1539 3259 1635 3284 mox
1678 3243 1739 3295 V3
1768 3241 1809 3284 la
1832 3241 1947 3283 deci-

155 3303 253 3346 sion
274 3311 388 3348 reste
413 3307 623 3350 douteuse
647 3325 658 3363 3
682 3309 715 3351 il
750 3315 816 3351 est
850 3309 1038 3367 possible
1076 3325 1162 3367 que
1196 3322 1288 3358 post
1323 3310 1391 3351 fut
1421 3310 1527 3351 dans
1553 3308 1772 3365 l’original
1795 3314 1838 3350 et
1860 3323 1946 3365 que

155 3385 252 3413 mox
271 3371 326 3414 de
357 3373 392 3414 V
413 3374 496 3417 soit
527 3390 618 3416 une
654 3376 898 3418 correction
926 3391 1038 3433 pour
1064 3376 1299 3433 l'elegance
1329 3402 1383 3407 —
1414 3384 1564 3417 atteret
1594 3375 1737 3417 Ambr.
1752 3375 1797 3422 V,
1838 3383 1943 3416 offe-

150 3448 219 3479 ret
242 3437 300 3491 ἶς’,
327 3434 568 3484 correction
593 3442 767 3485 inutile.
795 3468 851 3475 —
876 3443 950 3488 56.
980 3452 1075 3485 uem
1096 3444 1256 3491 Ambr„
1289 3452 1394 3485 uolet
1431 3443 1478 3491 V,
1507 3441 1817 3499 interpolation
1843 3455 1952 3499 pro*
