2384 4062
400 401 426 434 2
441 401 460 434 Ι
473 399 500 434 2
1166 399 1377 432 TIBULLE

397 508 587 578 Tuque
623 505 769 579 regis
805 515 1001 567 sortes,
1040 524 1139 575 per
1172 504 1224 556 te
1260 503 1566 575 praesentit
1598 504 1897 575 haruspex,

541 594 775 646 Lubrica
808 593 1050 666 signauit
1083 613 1205 644 cum
1241 592 1375 644 deus
1411 603 1533 644 exta
1566 592 1735 654 notis,

395 685 470 735 Te
505 683 641 734 duce
675 684 951 734 Romanos
986 701 1283 752 numquam
1318 680 1581 732 frustrata
1619 680 1854 752 Sibylla,
2090 687 2160 739 15

540 771 741 823 Abdita
775 789 912 841 quae
948 769 1093 821 senis
1128 768 1236 821 fata
1270 769 1417 821 canit
1450 768 1707 839 pedibus.

394 860 636 920 Phoebe,
660 878 855 934 ‚sacras
890 857 1270 909 Messallinum
1306 857 1423 908 sine
1458 867 1688 930 tangere
1724 857 1942 910 chartas

539 947 690 1002 Vatis
726 957 780 998 et
811 946 952 1017 ipse,
990 965 1209 1016 precor,
1248 945 1381 1017 quid
1414 956 1572 996 canat
1604 945 1719 1007 illa,
1758 946 1915 998 doce.

393 1037 537 1087 Haec
571 1034 724 1086 dedit
756 1033 972 1085 Aeneae
1006 1044 1204 1095 sortes,
1243 1043 1536 1103 postquam
1571 1032 1665 1084 ille
1700 1045 1988 1104 parentem

537 1123 753 1174 Dicitur
786 1132 838 1173 et
873 1132 1061 1192 captos
1100 1120 1428 1172 sustinuisse
1462 1122 1627 1172 Lares
2083 1143 2158 1179 20

391 1213 501 1265 Nec
535 1209 652 1263 fore
686 1211 947 1262 credebat
979 1211 1229 1271 Romam,
1269 1229 1391 1260 cum
1427 1220 1669 1261 maestus
1705 1211 1772 1262 ab
1807 1210 1917 1264 alto

537 1299 675 1351 Ilion
710 1298 965 1350 ardentes
1002 1297 1415 1369 respiceretque
1451 1297 1583 1349 deos

386 1420 457 1427 —
497 1387 764 1439 Romulus
798 1397 1053 1438 aeternae
1087 1386 1331 1438 nondum
1367 1384 1705 1438 formauerat
1736 1387 1892 1440 urbis

532 1475 770 1537 Moenia,
808 1474 1053 1526 consorti
1086 1494 1195 1525 non
1229 1474 1532 1526 habitanda
1565 1476 1759 1538 Remo,

391 1565 499 1617 Sed
531 1575 662 1616 tunc
696 1564 996 1634 pascebant
1028 1564 1266 1614 herbosa
1298 1563 1506 1615 Palatia
1539 1584 1739 1616 uaccae
2080 1567 2152 1619 25

531 1653 600 1703 Et
633 1653 850 1704 stabant
883 1651 1119 1703 humiles
1153 1651 1210 1702 in
1242 1651 1389 1703 Iouis
1425 1671 1549 1704 arce
1585 1672 1779 1716 casae3
2035 1643 2038 1646 ’

384 1743 545 1792 Lacte
580 1740 806 1792 madens
839 1739 955 1791 illic
990 1741 1215 1791 suberat
1247 1741 1359 1792 Pan
1395 1739 1538 1792 ilicis
1574 1742 1803 1794 umbrae

527 1830 598 1880 Et
630 1828 772 1881 facta
804 1828 1010 1902 agresti
1043 1828 1228 1902 lignea
1263 1827 1401 1880 falce
1435 1829 1595 1881 Pales

381 1918 771 1988 Pendebatque
805 1916 933 1990 uagi
966 1916 1204 1987 pastoris
1238 1916 1296 1967 in
1331 1918 1529 1969 arbore
1565 1929 1778 1980 uotum,

529 2006 762 2058 Garrula
795 2004 1039 2057 siluestri
1073 2004 1256 2056 fistula
1290 2025 1444 2058 sacra
1479 2005 1605 2069 deo,
2074 2010 2148 2063 30

381 2095 609 2156 Fistula,
647 2094 735 2145 cui
768 2113 988 2165 semper
1021 2093 1296 2145 decrescit
1328 2094 1655 2146 harundinis
1690 2095 1863 2147 ordo:

525 2184 660 2235 Nam
695 2182 933 2233 calamus
967 2201 1092 2233 cera
1124 2181 1375 2255 iungitur
1409 2203 1584 2254 usque
1620 2183 1836 2247 minor;

378 2271 449 2323 At
481 2291 587 2341 qua
618 2270 842 2324 Velabri
876 2269 1029 2343 regio
1064 2280 1235 2341 patet,
1273 2270 1354 2322 ire
1389 2271 1605 2323 solebat

524 2359 769 2432 Exiguus
803 2358 961 2429 pulsa
992 2377 1092 2429 per
1125 2358 1266 2410 uada
1298 2359 1468 2411 linter
1503 2379 1676 2431 aqua;

378 2447 477 2499 Illa
510 2466 671 2517 saepe
707 2446 892 2519 gregis
928 2445 1028 2497 diti
1063 2446 1333 2517 placitura
1367 2448 1633 2521 magistro
2069 2451 2138 2504 35

521 2534 606 2587 Ad
639 2535 895 2586 iuuenem
930 2533 1123 2586 festast
1156 2545 1315 2586 uecta
1348 2537 1533 2606 puella
1568 2536 1678 2599 die,

373 2698 464 2740 tion
484 2698 536 2738 de
563 2698 603 2743 C(
623 2695 759 2753 parait
778 2695 1031 2752 s'imposer3
1059 2696 1286 2738 confusion
1318 2696 1369 2738 de
1398 2698 1425 2738 d
1449 2703 1491 2739 et
1515 2698 1567 2739 de
1604 2699 1655 2752 b;
1685 2699 1740 2759 cf,
1769 2698 1789 2740 I
1815 2713 1857 2751 2,
1884 2713 1955 2757 97.
1983 2725 2035 2732 —
2059 2699 2132 2745 18.

372 2773 466 2814 quid
491 2765 546 2816 G,
573 2779 671 2812 quos
702 2763 842 2804 Ambr.
859 2764 906 2812 V,
933 2762 1049 2803 faute
1071 2762 1145 2818 qui
1177 2768 1282 2818 peut
1314 2764 1516 2819 provenir
1550 2764 1682 2806 d’une
1718 2765 1936 2808 mauvaise
1973 2766 2140 2808 lecture

369 2831 493 2887 (quod
516 2844 625 2887 pour
649 2829 761 2884 quid)
784 2832 827 2868 et
845 2827 898 2869 de
921 2827 1168 2869 l’inssuence
1193 2828 1322 2869 d'une
1355 2830 1572 2872 mauvaise
1603 2831 1932 2888 interpretation
1956 2831 2015 2874 du
2044 2837 2136 2874 mot

369 2909 486 2939 canat
501 2896 589 2953 pris
613 2895 716 2936 dans
735 2894 774 2935 le
795 2909 889 2935 sens
912 2893 964 2934 de
981 2893 1182 2935 celebrer.
1212 2920 1270 2927 --
1294 2895 1366 2940 20.
1391 2909 1529 2944 captos
1557 2898 1700 2940 Ambr.
1715 2899 1759 2946 V,
1787 2910 1927 2947 raptos
1953 2899 2009 2951 G,
2043 2913 2138 2940 cor-

329 2984 332 2986 >
367 2963 530 3004 rection
558 2961 876 3019 generalement
895 2959 1098 3016 adopt603
1122 2960 1162 3002 la
1186 2960 1376 3003 decision
1398 2969 1460 3004 est
1480 2963 1658 3005 delicate
1681 2980 1690 3004 ε
1717 2963 1884 3022 Virgile
1925 2964 1990 3006 dit
2027 2966 2131 3007 Aen.

369 3029 426 3081 II,
467 3030 548 3085 294
592 3046 613 3068 «
647 3027 736 3068 Hos
774 3041 875 3083 cape
915 3026 1104 3067 fatorum
1152 3027 1349 3079 comites,
1389 3043 1472 3085 717
1510 3029 1593 3081 Tu,
1637 3030 1823 3089 genitor,
1865 3045 1967 3088 cape
2016 3045 2134 3073 sacra

369 3111 501 3138 manu
525 3094 768 3152 patriosque
790 3092 969 3133 Penates
990 3109 1012 3131 »
1036 3108 1046 3145 3
1076 3092 1182 3133 mais
1204 3093 1316 3134 aussi
1338 3095 1441 3136 Aen.
1468 3094 1504 3147 I,
1533 3095 1618 3152 378
1646 3114 1667 3136 «
1697 3096 1804 3139 Sum
1824 3097 1922 3155 pius
1945 3097 2130 3148 Aeneas,

366 3167 508 3219 raptos
528 3161 674 3216 quiex
701 3159 822 3201 hoste
847 3157 1025 3199 Penates
1055 3157 1196 3199 Classe
1219 3160 1334 3200 ueho
1360 3175 1550 3202 mecum.
1589 3187 1641 3194 —
1675 3162 1748 3208 34.
1781 3173 1896 3212 pulsa
1934 3164 1990 3217 G,
2022 3173 2132 3212 puna

366 3229 507 3270 Ambr.
522 3229 567 3274 V,
621 3225 847 3267 confusion
889 3224 942 3265 de
985 3223 1097 3265 deux
1140 3230 1252 3265 mots
1286 3225 1445 3267 voisins
1485 3227 1537 3268 de
1574 3227 1729 3270 forme.
1764 3254 1822 3261 —-
1856 3229 1928 3275 35.
1978 3238 2135 3278 maque

367 3294 507 3337 Ambr.
523 3293 569 3339 V,
611 3307 686 3340 que
709 3289 945 3346 exponetue
964 3304 1041 3346 par
1080 3290 1155 3342 V23
1183 3289 1224 3331 la
1259 3290 1376 3332 faute
1412 3297 1475 3333 est
1504 3308 1591 3334 une
1616 3294 1855 3336 correction
1881 3294 2125 3352 metrique;

363 3375 425 3401 un
449 3358 583 3400 scribe
616 3373 639 3399 a
669 3372 743 3398 cru
768 3371 852 3412 que
882 3365 950 3396 issa
982 3355 1086 3396 c'tait
1116 3370 1171 3396 au
1210 3356 1458 3398 nominatis.
1499 3383 1557 3391 --
1592 3368 1685 3401 ditis
1722 3361 1865 3403 Ambr.
1880 3363 1929 3413 V,
1965 3369 2038 3402 diti
2064 3361 2121 3412 (ἶ,

365 3425 523 3477 Murct‚
551 3423 786 3466 correction
810 3421 886 3479 qui
922 3422 1060 3479 parait
1090 3421 1323 3464 necessaire
1338 3438 1349 3476 3
1383 3423 1423 3466 la
1455 3424 1573 3468 faute
1606 3426 1806 3483 provient
1828 3427 1881 3468 de
1906 3427 1947 3469 la
1971 3427 2128 3470 termi-
