2384 4062
919 428 1134 463 TIBULLE
1810 425 1837 459 2
1846 426 1878 460 O
1893 427 1914 459 1

282 536 456 589 Natus
490 546 546 588 et
578 533 880 588 indomitas
916 534 1123 588 dicitur
1155 534 1305 586 inter
1339 552 1509 604 equas
1537 552 1548 595 ;

137 623 261 678 Illic
294 624 522 677 indocto
555 624 798 696 primum
834 643 891 676 se
927 622 1179 676 exercuit
1214 642 1380 684 arcu3

283 713 351 766 Ei
386 713 544 776 mihi,
584 733 748 785 quam
784 712 975 765 doctas
1010 732 1159 764 nunc
1193 711 1365 763 habet
1398 710 1495 762 ille
1532 709 1761 762 manus!
1854 728 1928 780 70

57 790 60 792 ’
135 803 250 856 Ν66
284 802 552 874 pecudes,
590 801 746 854 uelut
778 812 927 864 ante,
965 801 1141 873 petit:
1181 799 1367 852 fixisse
1407 798 1620 871 puellas

288 892 473 944 Gestit
506 901 562 943 et
594 890 830 944 audaces
864 889 1255 962 perdomuisse
1290 888 1479 951 uiros;

140 980 242 1034 Hic
275 980 467 1033 iuueni
499 979 741 1033 detraxit
774 999 926 1052 opes,
963 979 1055 1031 hic
1091 977 1279 1031 dicere
1313 977 1478 1029 iussit

287 1069 484 1121 Limen
520 1068 587 1121 ad
620 1067 794 1121 iratae
828 1069 1003 1120 uerba
1036 1066 1299 1139 pudenda
1334 1085 1546 1128 senem,

139 1158 256 1211 Hoc
291 1157 430 1210 duce
467 1157 726 1210 custodes
762 1156 956 1210 furtim
989 1168 1346 1230 transgressa
1379 1155 1627 1207 iacentes
1857 1156 1928 1225 75

285 1246 372 1300 Ad
404 1246 664 1299 iuuenem
699 1246 949 1299 tenebris
986 1246 1103 1298 sola
1138 1245 1325 1317 puella
1359 1244 1516 1296 uenit

139 1336 211 1388 Et
242 1335 481 1408 pedibus
515 1345 893 1408 praetemptat
926 1335 1035 1387 iter
1068 1354 1342 1406 suspensa
1377 1333 1600 1396 timore,

288 1424 558 1496 Explorat
591 1444 783 1476 caecas
819 1424 907 1477 cui
943 1444 1138 1476 manus
1174 1434 1302 1475 ante
1337 1423 1490 1486 uias3

139 1513 187 1566 A
221 1513 433 1576 miseri,
473 1522 611 1587 quos
644 1514 737 1566 hic
772 1513 1022 1588 grauiter
1056 1513 1192 1566 deus
1227 1523 1412 1586 urget,
1451 1510 1637 1585 atzille

289 1602 465 1666 Felix,
503 1602 591 1655 cui
625 1603 879 1675 placidus
914 1603 1118 1655 leniter
1152 1601 1321 1654 adflat
1353 1601 1560 1654 Amor!
1855 1601 1930 1654 80

147 1691 370 1754 Sancte,
407 1690 538 1743 ueni
572 1691 810 1763 dapibus
845 1690 1026 1754 festis,
1066 1690 1164 1743 sed
1199 1710 1343 1762 pone
1380 1689 1612 1763 sagittas

290 1781 362 1832 Et
393 1780 591 1852 procul
625 1780 887 1833 ardentes
922 1781 1074 1843 hinc,
1113 1800 1337 1852 precor,
1378 1778 1518 1831 abde
1556 1777 1724 1830 faces.

145 1870 256 1924 Vos
291 1869 572 1922 celebrem
608 1880 825 1922 cantate
861 1870 1025 1922 deum
1061 1869 1366 1941 pecorique
1401 1878 1597 1920 uocate

99 1950 101 1953 ’
293 1959 440 2013 Voce
469 1979 480 2023 ;
519 1958 701 2031 palam
735 1959 949 2031 pecori,
990 1959 1130 2011 clam
1164 1958 1272 2011 sibi
1306 1957 1542 2029 quisque
1577 1967 1744 2009 uocet

119 2047 257 2100 ·Aut
289 2047 457 2100 etiam
492 2047 598 2101 sibi
630 2048 866 2120 quisque
904 2048 1123 2120 palam:
1162 2068 1291 2100 nam
1326 2047 1492 2098 turba
1525 2045 1715 2098 iocosa
1858 2046 1931 2099 85

296 2137 590 2209 Obstrepit
623 2147 678 2190 et
710 2137 955 2211 Phrygio
990 2137 1128 2189 tibia
1162 2156 1332 2188 curua
1366 2155 1502 2187 sono
1531 2155 1542 2199 ;

143 2225 375 2279 Ludite:
413 2225 523 2278 iam
556 2227 677 2280 Nox
707 2226 890 2299 iungit
922 2246 1094 2298 equos
1130 2244 1468 2296 currumque
1506 2234 1817 2298 sequuntur

295 2315 492 2368 Matris
526 2315 735 2368 lasciuo
771 2315 956 2368 sidera
989 2314 1142 2368 fulua
1176 2316 1346 2367 choro

148 2405 392 2476 Postque
426 2404 584 2456 uenit
615 2404 817 2456 tacitus
853 2403 1031 2456 furuis
1067 2403 1444 2456 circumdatus
1480 2403 1581 2455 alis

301 2494 540 2547 Somnus
576 2504 630 2546 et
662 2494 878 2545 incerto
917 2492 1142 2546 Somnia
1175 2493 1338 2567 nigra
1372 2492 1535 2565 pede.
1859 2510 1932 2563 90

149 2656 202 2698 de
222 2655 373 2698 reunir
391 2656 452 2698 les
469 2655 581 2698 deux
601 2656 760 2708 lecons.
784 2683 838 2687 —
857 2655 931 2702 73.
959 2673 1056 2705 opes
1097 2657 1153 2708 (Τ,
1181 2673 1280 2705 opus
1304 2657 1448 2698 Ambr.
1474 2658 1520 2704 V,
1547 2656 1665 2698 faute
1689 2655 1934 2697 d’inadver-

146 2727 285 2765 tance.
309 2748 368 2755 -—
392 2723 464 2768 74.
492 2731 630 2765 Limen
656 2726 702 2771 V,
727 2733 879 2765 Limem
900 2724 1063 2771 Ambr.‚
1086 2724 1204 2765 faute
1225 2723 1591 2765 d'inadvertance.
1626 2749 1679 2754 —
1699 2723 1771 2768 83.
1793 2735 1934 2765 uocate

144 2790 307 2838 Ambr„
352 2803 491 2832 uacate
523 2791 589 2838 V1,
617 2791 735 2832 faute
760 2790 836 2847 qui
865 2806 920 2832 ne
947 2791 1087 2847 parait
1115 2805 1190 2847 pas
1215 2790 1306 2831 etre
1331 2805 1419 2831 une
1444 2789 1601 2847 simple
1625 2790 1854 2831 confusion
1878 2788 1931 2829 de

145 2871 169 2898 ο
193 2862 237 2898 et
256 2856 309 2898 de
329 2873 355 2899 (ι
378 2857 487 2899 mais
512 2858 588 2914 qui
612 2873 636 2899 a
660 2858 726 2899 ete
751 2857 995 2899 influencee
1023 2873 1102 2914 par
1130 2866 1360 2906 pecorique.
1391 2882 1443 2889 —
1472 2856 1543 2901 88.
1570 2866 1693 2898 choro
1725 2857 1794 2905 V2‚
1815 2865 1935 2898 thoro

145 2923 290 2966 Ambr.
303 2925 352 2973 V,
376 2924 607 2966 confusion
632 2923 685 2966 de
706 2940 726 2966 c
750 2929 793 2966 et
816 2923 869 2966 de
896 2930 924 2966 t.

829 3019 983 3065 89-90.
1007 3021 1113 3062 Eme.
1137 3021 1243 3062 Par.

205 3130 279 3176 89.
317 3141 491 3180 Postque
526 3140 635 3173 uenit
653 3124 797 3174 Ambr.
812 3134 861 3183 V,
886 3140 1051 3174 Accedit
1073 3134 1175 3174 Eme.
1202 3133 1325 3179 Par„
1363 3131 1671 3188 interpolation
1702 3145 1814 3188 pour
1833 3145 1933 3171 ren-

145 3197 222 3239 dre
246 3198 286 3239 le
319 3197 507 3255 distique
546 3198 840 3255 independant
870 3198 931 3240 du
966 3204 1163 3240 contexte
1199 3224 1254 3229 —
1291 3207 1424 3239 furuis
1458 3199 1506 3244 G,
1546 3206 1671 3239 fuscis
1712 3198 1769 3248 G,
1810 3205 1935 3238 fumis

144 3265 338 3306 Ambr.V
358 3265 462 3305 E'oec.
491 3266 596 3306 Par.
635 3264 696 3306 La
734 3265 852 3306 faute
875 3266 1015 3322 parait
1037 3266 1242 3322 provenir
1270 3265 1322 3306 de
1363 3281 1409 3306 66
1442 3265 1578 3321 qu’un
1617 3264 1778 3320 copiste
1812 3278 1836 3305 3
1863 3264 1930 3304 etc

143 3330 362 3372 influence
386 3345 463 3387 par
485 3340 595 3372 fulua
618 3331 678 3372 du
701 3347 797 3373 vers
821 3331 878 3376 88
903 3337 945 3372 et
969 3347 993 3373 a
1018 3332 1185 3389 corrige
1210 3341 1342 3373 furuis
1374 3331 1543 3388 d'aprbs
1576 3347 1622 3372 cc
1663 3336 1770 3372 mot.
1810 3330 1845 3371 Il
1873 3345 1928 3370 nc

143 3395 308 3438 semble
331 3412 408 3454 pas
442 3397 551 3454 qu'il
575 3413 600 3454 y
631 3398 692 3439 ait
723 3398 814 3439 lieu
839 3398 892 3439 de
917 3399 1055 3440 croire
1081 3414 1165 3455 quc
1190 3407 1312 3439 fu1u1’s
1333 3414 1356 3439 a
1379 3398 1594 3454 remplace
1617 3413 1679 3438 un
1704 3402 1797 3439 mot
1819 3402 1932 3439 tota-

141 3462 309 3506 lement
333 3462 481 3516 estnec,
505 3465 663 3521 auquel
681 3480 748 3506 cas
768 3474 893 3506 fuscis
911 3466 1039 3507 serait
1064 3465 1175 3506 aussi
1197 3463 1530 3506 vraisemblable
1552 3479 1636 3521 que
1660 3472 1805 3505 furuis.
