2384 4062
927 927 1160 978 LIVRE
1216 928 1269 976 II

1091 1205 1112 1256 Ι

209 1399 478 1472 Quisquis
513 1399 691 1462 adest,
725 1398 952 1471 faueat:
992 1396 1184 1472 fruges
1218 1397 1522 1450 lustramus
1559 1408 1614 1450 et
1648 1417 1836 1472 agrOS,

359 1488 521 1543 Ritus
555 1499 617 1541 ut
651 1508 679 1540 a
713 1487 900 1560 prisco
935 1486 1174 1540 traditus
1211 1498 1391 1540 exstat
1424 1507 1548 1540 auo.

209 1579 450 1643 Bacche,
486 1577 618 1631 ueni
650 1577 942 1650 dulcisque
985 1577 1090 1629 tuis
1127 1596 1154 1629 e
1190 1576 1455 1629 cornibus
1488 1597 1597 1629 uua

356 1667 605 1721 Pendeat
638 1677 694 1719 et
727 1666 897 1738 spicis
932 1676 1188 1738 tempora
1222 1665 1407 1740 cinge,
1448 1666 1638 1719 Ceres.

207 1760 354 1811 Luce
389 1777 547 1810 sacra
583 1755 900 1828 requiescat
931 1756 1155 1819 humus,
1195 1755 1513 1828 requieseat
1548 1766 1734 1808 arator
1966 1758 2000 1809 5

355 1848 428 1899 Et
461 1866 631 1921 graue
668 1864 939 1917 suspenso
976 1864 1204 1897 uomere
1240 1856 1423 1897 cesset
1456 1865 1632 1916 opus3

212 1936 426 1991 Soluite
461 1935 648 1987 uincla
681 1934 864 2008 iugis:
904 1954 1052 1986 nunc
1087 1934 1156 1986 ad
1190 1934 1486 2006 praesepia
1519 1934 1728 1987 debent

354 2026 528 2079 Plena
561 2035 827 2077 coronato
863 2034 1010 2075 stare
1045 2024 1220 2076 boues
1256 2023 1474 2095 capite3

207 2114 410 2168 Omnia
443 2117 555 2173 sint
590 2123 818 2185 operata
852 2112 956 2165 deo
988 2132 1000 2176 ;
1040 2132 1152 2164 non
1188 2113 1388 2165 audeat
1420 2113 1534 2165 ulla

354 2202 654 2256 Lanificam
689 2201 880 2275 pensis
913 2202 1250 2273 imposuisse
1286 2222 1542 2266 manum;
1931 2222 2000 2257 10

204 2294 316 2348 Vos
352 2311 574 2366 quoque
610 2293 804 2344 abesse
840 2291 1037 2362 procul
1071 2291 1260 2354 iube0,
1300 2291 1556 2344 discedat
1587 2292 1654 2344 ab
1690 2291 1824 2354 aris,

357 2381 460 2435 Cui
492 2381 624 2434 tulit
656 2381 921 2433 hesterna
958 2380 1159 2454 gaudia
1192 2391 1356 2433 noete
1391 2382 1615 2435 Venus:

206 2473 372 2525 Casta
405 2471 632 2543 placent
665 2468 919 2542 superis;
959 2490 1098 2541 pura
1133 2489 1258 2522 cum
1297 2481 1450 2523 ueste
1485 2470 1674 2522 uenite

264 2655 660 2710 Etahlissement.
684 2663 750 2708 du
770 2667 927 2708 texte.
952 2664 1015 2708 ΙΙ.
1040 2663 1077 2715 Ι,
1102 2664 1143 2708 1.
1173 2672 1309 2706 faueat
1327 2664 1383 2715 (Τ,
1413 2662 1621 2721 Scaliger,
1643 2664 1990 2712 ua1eazAmbr.1⁷,

204 2731 434 2774 confusion
471 2730 524 2772 de
549 2731 662 2772 deux
687 2735 801 2772 mots
825 2730 879 2772 de
903 2731 1045 2773 forme
1078 2730 1265 2783 voisine,
1300 2730 1545 2773 influenceo
1581 2746 1675 2773 sans
1707 2731 1839 2773 doute
1868 2746 1998 2788 parce

203 2812 289 2856 que
314 2798 354 2840 le
372 2797 510 2840 scribe
530 2812 585 2839 ne
610 2797 881 2855 comprenait
904 2812 980 2855 pas
999 2797 1039 2839 le
1060 2813 1156 2839 sens
1180 2797 1233 2839 de
1252 2806 1399 2840 faueat.

900 2930 1024 2976 5-14.
1051 2933 1157 2974 Eoec.
1181 2933 1287 2975 Par.

261 3042 306 3088 8.
345 3054 455 3084 stare
490 3052 614 3084 boues
634 3051 765 3091 capite
788 3042 992 3090 Ambr.V,
1024 3051 1175 3084 uertice
1194 3055 1304 3084 stare
1323 3052 1446 3085 boues
1464 3044 1568 3085 Eaec.
1597 3044 1718 3089 Par„
1749 3043 1990 3085 correction

203 3108 437 3166 metrique,
467 3124 579 3166 pour
602 3109 815 3150 terminer
838 3108 878 3150 le
897 3110 1169 3166 pentametre
1192 3124 1271 3166 par
1305 3125 1367 3151 un
1399 3115 1492 3151 mot
1523 3109 1822 3167 disyllabique.
1852 3136 1908 3140 —
1941 3111 1984 3155 9.

202 3185 284 3218 sint
308 3176 378 3227 V2‚
401 3187 493 3217 sunt
510 3176 706 3218 Ambr.V
726 3177 829 3218 Eme.
858 3177 982 3223 Par„
1025 3177 1143 3217 faute
1168 3176 1380 3218 ancienne
1404 3176 1511 3225 d'un
1533 3176 1671 3217 scribe
1696 3176 1773 3234 qui
1806 3176 1876 3218 n’a
1914 3193 1991 3234 pas

202 3242 374 3300 compte
407 3241 470 3284 les
489 3241 716 3299 jambages
737 3248 780 3284 et
803 3242 880 3300 qui
901 3258 925 3284 a
955 3243 1173 3300 peut-etre
1201 3243 1267 3284 ete
1299 3243 1517 3285 influence
1540 3259 1619 3300 par
1638 3243 1872 3285 l’indicatif
1893 3245 1986 3301 pro-

203 3309 371 3352 cedent.
398 3334 455 3341 --
490 3309 562 3354 12.
585 3319 776 3351 hesterna
815 3311 959 3352 Ambr.
1003 3311 1108 3353 Eoec.
1148 3311 1271 3358 Par„
1316 3326 1368 3362 exj
1404 3319 1595 3352 hesterna
1642 3313 1689 3358 V,
1733 3311 1809 3367 qui
1848 3310 1988 3352 s'etait

199 3377 371 3434 trompe
392 3381 435 3417 et
458 3376 533 3433 qui
553 3391 576 3418 a
593 3376 741 3434 reparo
761 3377 1140 3418 immediatemont
1160 3392 1237 3418 son
1259 3392 1422 3418 orreur.
1453 3402 1507 3408 ——
1546 3377 1617 3422 13.
1642 3390 1751 3419 ueste
1775 3378 1917 3420 Ambr.
1933 3379 1978 3423 Γ,

197 3456 332 3486 mente
354 3445 460 3486 Eme.
486 3445 612 3495 Para,
636 3443 945 3501 interpolation
969 3444 1045 3501 qui
1070 3444 1266 3501 pourrait
1286 3459 1328 3484 se
1349 3443 1680 3486 recommander
1703 3443 1756 3485 de
1774 3444 1981 3494 Lucrece,
