2384 4062
0 2375 10 2391 v*
0 2300 7 2313 ⁸
0 2279 4 2288 -
0 2048 18 2250 '‘fss'nw-:vgy2r2‘

943 428 1159 462 TIBULLE
1838 429 1855 461 1
1869 410 1935 480 87

156 539 408 593 Desistas
442 537 758 600 lacrimare,
796 556 935 609 puer
966 556 977 588 :
1016 554 1128 587 non
1163 533 1440 608 frangitur
1473 533 1569 586 illa

308 630 382 681 Et
412 639 508 681 tua
539 627 647 680 iam
683 625 815 679 fletu
850 624 1060 678 lumina
1094 622 1241 675 fessa
1275 633 1512 675 tument.

158 717 435 780 Oderunt,
475 717 706 778 Pholoe,
746 734 966 776 moneo,
1004 713 1226 765 fastidia
1259 712 1377 764 diui

307 808 421 860 Nec
455 806 689 878 prodest
721 803 925 857 sanctis
961 814 1086 855 tura
1119 801 1341 854 dedisse
1377 799 1551 852 focis:
1875 818 1944 870 70

160 896 264 950 Hic
296 896 586 948 Marathus
622 893 903 967 quondam
939 892 1174 944 miseros
1208 890 1440 943 ludebat
1474 900 1742 950 amante-S,

309 984 544 1038 Nescius
581 984 817 1036 ultorem
853 993 982 1055 post
1008 991 1176 1052 caput
1209 1000 1330 1032 esse
1366 979 1554 1041 deum,

165 1075 342 1146 Saepe
378 1073 544 1126 etiam
574 1072 831 1125 lacrimas
866 1070 1046 1124 fertur
1081 1070 1271 1122 risisse
1307 1068 1550 1121 dolentis

309 1164 381 1215 Et
413 1162 678 1234 cupidum
713 1160 840 1213 ficta
873 1159 1182 1212 detinuisse
1219 1178 1407 1221 mora;

168 1253 326 1306 Nunc
361 1239 553 1305 omnes
588 1251 707 1304 odit
739 1249 935 1312 fastus,
966 1269 1113 1301 nunc
1149 1247 1414 1320 displicet
1443 1247 1549 1310 illi,
1880 1264 1948 1316 70

315 1341 712 1413 Quaecumque
749 1338 1064 1411 oppositast
1095 1337 1258 1389 ianua
1294 1337 1433 1389 dura
1467 1355 1624 1399 sera3

164 1431 241 1484 At
271 1441 326 1483 te
361 1449 541 1503 poena
576 1440 783 1491 manet,
821 1428 879 1480 ni
913 1427 1124 1480 desinis
1160 1446 1280 1478 esse
1317 1427 1594 1498 superba;

315 1520 495 1586 Quam
530 1518 722 1591 cupies
756 1517 904 1570 uotis
939 1518 1087 1570 hunc
1122 1535 1388 1569 reuocare
1425 1515 1608 1568 diem!

1626 1140 1646 1155 ἱ

1025 1810 1102 1861 IX

169 2009 318 2076 Quid
354 2010 510 2074 mihi,
549 2010 596 2063 si
629 2009 814 2063 fueras
846 2009 1081 2062 miseros
1117 2009 1368 2061 laesurus
1405 2025 1642 2068 amores,

317 2099 571 2153 Foedera
604 2115 706 2172 p'er
740 2099 901 2152 diuos
936 2099 1077 2151 clam
1113 2097 1375 2151 uiolanda
1409 2096 1624 2149 dabas?

170 2188 216 2245 A
251 2188 422 2241 miser
445 2189 472 2241 !·
495 2191 566 2242 Et
600 2189 776 2262 siquis
811 2189 994 2262 primo
1030 2188 1277 2260 periuria
1310 2187 1472 2250 celat,

323 2279 460 2332 Sera
489 2289 676 2331 tamen
709 2278 894 2331 tacitis
928 2298 1108 2350 poena
1140 2277 1298 2330 uenit
1330 2275 1590 2349 pedibus.

170 2367 411 2432 Parcite,
449 2368 754 2421 caelestes:
793 2379 1088 2440 aequumst
1118 2367 1347 2439 impune
1381 2366 1552 2418 licere
1924 2365 1956 2416 5

319 2458 561 2511 Numina
593 2456 855 2511 formosis
890 2457 1112 2510 laedere
1147 2467 1336 2509 uestra
1370 2454 1579 2507 semel:

171 2547 351 2599 Lucra
382 2557 580 2620 petens
613 2547 790 2600 habili
821 2559 1012 2600 tauros
1048 2545 1305 2620 adiungit
1338 2556 1524 2597 aratro

321 2639 394 2690 Et
426 2638 628 2691 durum
661 2648 845 2690 terrae
881 2635 1122 2689 rusticus
1155 2646 1321 2709 urget
1354 2654 1516 2707 opus,

175 2730 354 2781 Lucra
386 2727 659 2800 petituras
693 2726 836 2780 freta
869 2747 971 2800 per
1003 2725 1258 2799 parentia
1290 2724 1475 2778 uentis

199 2913 277 3022 ί-ΙῙ.
303 2912 386 2967 ῙΧ,
410 2914 453 2960 1.
489 2929 650 2956 amores
672 2913 902 2966 Ambr.1⁷2‚
930 2928 1070 2955 amore
1111 2913 1181 2966 V1,
1207 2927 1285 2969 par
1319 2910 1440 2953 oubli
1465 2909 1519 2952 de
1545 2909 1586 2952 la
1604 2907 1804 2950 derniere
1831 2907 1959 2948 lettre

228 2995 259 3023 u
280 2995 393 3023 vers.

879 3083 974 3130 3-4.
1007 3085 1112 3127 Ecce.
1147 3085 1252 3127 Par.

237 3187 282 3234 3.
306 3200 346 3231 et
368 3195 494 3237 siquis
517 3188 659 3230 Ambr.
674 3189 720 3235 V,
746 3200 807 3230 est
841 3188 916 3244 (en
955 3187 1132 3245 abrege)
1162 3197 1198 3229 si
1233 3195 1323 3236 quis
1355 3188 1461 3229 Eme.
1491 3187 1617 3233 Par„
1652 3181 1962 3240 interpolation

176 3269 290 3312 pour
311 3253 561 3312 supprimer
582 3254 888 3313 l'apostrophe.

876 3381 1000 3426 7-10.
1024 3382 1128 3422 Eaec.
1153 3381 1257 3422 Par.

238 3484 282 3532 9.
304 3494 503 3535 petituras
525 3486 629 3527 Eaec.
651 3485 756 3527 Par.
792 3485 862 3535 V2,
888 3494 1086 3534 petituros
1110 3484 1254 3527 Ambr.
1270 3483 1337 3531 V1,
1368 3482 1485 3524 faute
1513 3480 1692 3523 amcnce
1711 3494 1788 3537 par
1815 3478 1963 3519 l’imn-
