2384 4062
993 423 1207 457 'rmuLLE
1885 429 1904 464 1
1916 410 1985 466 63

360 531 472 585 Aut
504 531 642 584 sciat
675 550 962 606 egressum
998 549 1055 581 se
1091 529 1426 600 prohibente
1463 530 1588 583 deo.

215 619 363 688 Quid
394 632 489 675 tua
522 640 669 674 nunc
704 620 805 672 Isis
840 618 996 680 mihi,
1035 617 1213 680 Delia,
1252 618 1387 689 quid
1422 619 1558 670 mihi
1592 633 1829 691 prosunt

363 709 462 763 Illa
495 720 588 762 tua
621 708 824 761 totiens
861 726 986 760 aera
1022 706 1241 778 repulsa
1279 727 1444 759 manu

214 798 455 866 Quidue,
493 799 582 871 pie
618 798 748 850 dum
785 815 938 848 sacra
973 795 1132 857 coliS,
1170 815 1421 866 pureque
1457 795 1633 849 lauari
1918 803 1985 855 25

362 889 438 940 Te
472 920 544 927 —
578 885 804 939 memini
837 917 910 924 —-
944 894 999 936 et
1031 903 1172 955 puro
1208 885 1530 937 secubuisse
1567 888 1735 939 toro?
1769 951 1771 953 ι

211 979 390 1039 Nunc,
428 975 551 1038 dea,
588 994 734 1027 nunc
769 993 1029 1026 succurre
1067 973 1202 1024 mihi
1233 1006 1307 1012 -—
1339 993 1465 1025 nam
1501 994 1664 1045 posse
1701 976 1914 1030 mederi

362 1065 517 1119 Picta
550 1065 715 1117 docet
746 1062 971 1134 templis
1006 1061 1179 1114 multa
1213 1061 1419 1114 tabella
1451 1063 1561 1115 tuis
1596 1097 1688 1128 -,

215 1157 286 1209 Vt
319 1174 440 1208 mea
471 1153 688 1206 uotiuas
723 1150 1052 1224 persoluens
1087 1150 1247 1202 Delia
1281 1171 1447 1204 uoces

359 1243 503 1296 Ante
539 1261 721 1294 sacras
755 1240 869 1292 lino
904 1250 1050 1292 tecta
1084 1238 1233 1292 sores
1269 1240 1462 1292 sedeat
1919 1246 1990 1299 30

213 1331 419 1403 Bisque
454 1330 542 1383 die
578 1329 820 1382 resoluta
854 1348 1038 1380 comas
1074 1327 1178 1380 tibi
1212 1328 1399 1380 dicere
1434 1328 1626 1382 laudes

361 1419 603 1495 Insignis
637 1419 800 1470 turba
834 1417 1037 1469 debeat
1068 1417 1125 1468 in
1159 1417 1389 1481 Pha1¹ia3

211 1510 284 1563 At
316 1508 452 1561 mihi
486 1507 773 1581 contingat
807 1506 1018 1578 patrios
1055 1505 1339 1558 celebrare
1375 1509 1611 1560 Penates

360 1597 729 1669 Reddereque
765 1595 993 1667 antiquo
1029 1606 1314 1648 menstrua
1347 1606 1471 1648 tura
1505 1597 1651 1649 Lari.

213 1688 390 1755 Quam
423 1688 566 1739 bene
606 1687 845 1739 Saturno
880 1685 1148 1737 uiuebant
1183 1705 1336 1760 rege,
1374 1686 1702 1759 priusquam
1920 1690 1990 1747 35

360 1775 548 1828 Tellus
582 1775 639 1827 in
674 1774 868 1848 longas
902 1785 986 1826 est
1019 1773 1296 1846 patefacta
1330 1775 1486 1827 uias!

211 1865 469 1920 Nondum
497 1863 786 1917 caeruleas
821 1864 986 1935 pinus
1014 1874 1432 1935 contempserat
1467 1864 1644 1917 undas

358 1953 611 2007 Effusum
633 1953 816 2006 uentis
851 1954 1298 2025 praebueratque
1336 1953 1520 2005 sinum

210 2045 324 2096 Nec
355 2062 530 2118 uagus
564 2041 771 2116 ignotis
807 2052 1067 2113 repetens
1103 2041 1432 2113 compendia
1469 2043 1638 2094 terris

358 2133 647 2191 Presserat
680 2140 907 2183 externa
939 2130 1127 2182 nauita
1161 2150 1345 2182 merce
1376 2141 1588 2194 ratem;
1918 2135 1990 2194 ΔΟ

211 2221 313 2275 1110
346 2240 457 2273 non
490 2219 707 2272 ualidus
743 2219 916 2272 subiit
947 2220 1077 2293 iuga
1110 2230 1364 2291 tempore
1402 2230 1613 2283 taurus,

358 2311 480 2363 Non
513 2307 723 2361 domito
759 2307 946 2360 frenos
982 2328 1077 2360 ore
1115 2308 1420 2360 momordit
1454 2329 1651 2381 equus,

210 2400 333 2452 Non
365 2397 563 2451 domus
597 2397 708 2449 ulla
743 2395 889 2450 fores
924 2397 1139 2459 habuit,
1175 2417 1287 2448 non
1323 2396 1463 2450 fixus
1496 2398 1555 2450 in
1590 2398 1762 2473 agris,

362 2487 470 2553 Qui
505 2498 728 2561 regeret
761 2486 928 2538 certis
963 2486 1166 2539 finibus
1203 2506 1336 2538 arua
1370 2486 1546 2558 lapis;

212 2577 369 2649 Ipsae
404 2576 563 2629 mella
601 2576 807 2628 dabant
841 2595 1082 2647 quercus
1117 2575 1380 2648 ultroque
1416 2575 1674 2629 ferebant
1920 2579 1989 2639 45

322 2700 325 2703 -
361 2665 543 2719 Obuia
575 2665 786 2717 securis
822 2666 995 2717 ubera
1031 2665 1190 2717 lactis
1219 2684 1388 2728 oues;

211 2756 334 2808 Non
368 2754 532 2818 acieS,
571 2774 683 2806 non
715 2754 798 2807 ira
830 2753 955 2816 fuit,
994 2774 1106 2806 non
1141 2753 1290 2806 bella
1324 2773 1427 2806 nec
1464 2774 1653 2807 ensem

360 2842 566 2895 Immiti
601 2862 797 2895 saeuus
833 2843 1067 2895 duxerat
1095 2853 1213 2895 arte
1248 2842 1427 2895 faber.

212 2933 370 2985 Nunc
403 2933 532 2984 Ioue
568 2933 669 2984 sub
704 2931 930 2984 domino
968 2932 1166 2984 caedes
1202 2942 1258 2983 et
1291 2931 1526 2984 uulnera
1560 2952 1803 3004 semper,

361 3022 517 3074 Nunc
552 3040 722 3083 mare,
762 3040 907 3072 nunc
942 3020 1038 3072 leti
1075 3020 1226 3072 mille
1263 3032 1495 3091 repente
1531 3021 1673 3073 uiae.
1920 3026 1991 3076 50

216 3204 522 3246 construction.
559 3230 611 3236 —
649 3204 721 3250 25.
760 3214 851 3246 dum
892 3205 944 3247 ΓΖ
985 3221 1038 3246 en
1063 3220 1228 3261 marge,
1271 3214 1385 3246 deum
1421 3205 1563 3247 Ambr.
1579 3206 1646 3253 V1,
1683 3205 1989 3263 interpolation

215 3269 401 3327 inspiree
421 3285 498 3327 par
510 3270 549 3311 lc
564 3270 784 3327 voisinagc
804 3271 856 3312 dc
869 3287 985 3312 sacra
1001 3273 1021 3311 a
1038 3287 1097 3311 un
1112 3286 1255 3312 corrcc
1263 3277 1356 3311 tcur
1375 3272 1458 3312 tres
1472 3271 1676 3328 ignorant
1690 3286 1743 3312 en
1758 3272 1989 3329 mc'trique.

215 3335 354 3381 -38,
369 3345 496 3378 uentis
517 3337 569 3379 V2
587 3352 640 3378 cn
655 3352 819 3394 margo,
839 3330 941 3378 ιιὲἱῖε
953 3338 1114 3383 Ambr„
1135 3345 1283 3378 ueteris
1305 3339 1354 3379 V1
1372 3352 1381 3389 ;
1411 3338 1553 3378 Ambr.
1574 3351 1597 3378 a
1618 3338 1818 3379 conserve
1839 3338 1991 3380 l'abre-

213 3401 376 3444 viation
397 3402 556 3444 fautivc
569 3404 700 3460 (pour
717 3404 841 3460 netis)
856 3403 907 3444 dc
927 3403 1158 3460 l'original‚
1180 3404 1227 3445 V¹
1241 3403 1320 3458 (ou
1333 3418 1394 3443 un
1409 3417 1488 3444 ms.
1504 3403 1743 3460 anti-rieur)
1756 3403 1810 3445 l’a
1825 3404 1993 3446 resoluc

216 3474 501 3523 exactemcnt,
529 3484 623 3511 sans
644 3470 925 3526 s'aperccvoir
950 3469 1107 3526 qu'ellc
1131 3469 1234 3510 ctait
1256 3469 1432 3511 fautivc.
1466 3495 1522 3501 -
1554 3469 1626 3514 50,
1655 3482 1822 3518 repente
1861 3471 1915 3513 ΙΨ·
1939 3484 1992 3511 en
