2384 4062
417 414 437 447 I
455 414 472 447 I
485 413 519 448 Ο
1195 415 1406 447 TIBULLE

409 520 477 568 At
503 519 615 568 mihi
635 538 734 568 cum
760 527 907 569 noctes
938 519 1118 569 induxit
1143 538 1303 586 uesper
1326 537 1528 577 αιηαναε,
1554 520 1623 568 IV
1648 521 1697 580 3,
1727 537 1787 586 29
1817 538 1828 570 ε
1869 521 1962 571 6116
1989 521 2178 572 revient
2245 546 2248 549 ¹

411 600 795 650 naturellement
837 619 947 650 sous
990 619 1038 649 sa
1077 601 1247 668 plume
1289 603 1316 648 a
1363 601 1445 649 des
1487 603 1700 668 epoques
1759 601 2054 652 differentes.
2109 602 2180 652 Or

409 682 606 731 Tibulle
641 682 704 730 l'a
733 682 982 749 employee
1010 682 1158 741 aussi,
1189 682 1312 730 mais
1340 700 1439 731 une
1479 682 1610 731 seule
1638 682 1746 741 fois,
1780 684 1912 732 Nune
1939 691 1982 732 et
2017 700 2180 734 amara

409 762 504 811 dies
548 770 590 811 et
630 762 771 811 noctis
813 762 1019 811 amarior
1055 763 1274 820 umbrosi,
1319 762 1363 810 II
1398 766 1446 822 4,
1492 780 1568 822 11,
1614 762 1652 810 si
1691 762 1806 811 bien
1834 763 1959 830 qu'il
1993 763 2178 814 semble

409 846 434 891 31
475 861 527 892 66
566 851 791 893 moment
823 847 924 892 etre
958 861 1069 892 sous
1100 843 1380 892 l'inssuence
1411 843 1493 892 des
1528 842 1654 892 deux
1681 843 2089 911 premierslivres
2119 843 2181 895 de

411 925 664 992 Properce.

477 1007 605 1054 L'un
634 1007 716 1055 des
749 1006 991 1072 exemplos
1016 1007 1130 1054 cites
1156 1025 1280 1054 nous
1314 1025 1340 1055 a
1365 1006 1632 1055 introduits
1660 1025 1723 1055 au
1748 1025 1883 1056 coeur
1910 1011 2074 1057 11161116
2096 1007 2187 1058 (165μ

409 1087 670 1136 difficultes
704 1105 801 1154 que
837 1090 1059 1154 presente
1094 1087 1139 1136 16
1167 1088 1294 1154 sujet
1325 1088 1413 1154 qui
1445 1106 1571 1136 nous
1607 1106 1802 1155 occupe.
1837 1088 1879 1136 Il
1916 1088 2065 1138 existe
2096 1088 2182 1139 des

410 1176 631 1236 rapports
652 1176 790 1217 entre
813 1168 985 1234 elegies
1010 1177 1336 1236 appartenant
1361 1171 1386 1216 a
1410 1168 1492 1217 des
1517 1169 1660 1218 livres
1677 1169 1868 1236 publies
1886 1169 2177 1219 simultane-

354 1254 357 1257 ’
410 1258 577 1310 ment3
602 1250 1011 1316 proviennent-ils
1039 1250 1354 1317 simplement
1379 1250 1438 1298 de
1466 1250 1708 1299 l'identite
1732 1251 1814 1299 des
1843 1251 2100 1300 situations
2130 1258 2180 1300 et

408 1332 476 1379 du
515 1331 673 1398 style.D
708 1331 750 1379 Y
790 1330 929 1379 a-t-il
970 1331 1219 1380 imitation
1264 1339 1310 1379 et
1350 1331 1475 1380 alors
1515 1331 1575 1380 de
1613 1332 1730 1399 quel
1764 1334 1869 1381 cote
1907 1331 2094 1382 est-elle
2132 1339 2182 1382 et

407 1420 660 1461 comment
683 1412 728 1461 16
752 1411 943 1460 modele
964 1412 1097 1461 est-il
1122 1431 1341 1480 parvenu
1369 1416 1396 1460 a
1425 1412 1752 1462 l'imitateuri)
1777 1413 1974 1463 Tibulle
1996 1431 2180 1481 engage

408 1493 546 1542 Delia
582 1496 608 1542 a
632 1493 768 1560 j0uir
801 1492 862 1542 de
889 1492 1101 1541 l'amour
1137 1512 1198 1543 en
1235 1492 1492 1542 attendant
1528 1493 1575 1543 la
1603 1494 1838 1544 vieillesse
1865 1501 1914 1543 et
1948 1494 1994 1543 la
2022 1501 2176 1554 mort,

407 1574 611 1640 11‚69‚

672 1695 856 1746 Interea,
884 1694 990 1736 dum
1013 1695 1099 1736 fata
1123 1694 1289 1746 sinunt,
1317 1695 1554 1752 iungamus
1575 1710 1770 1738 amores:

789 1769 882 1829 Iam
902 1768 1052 1811 ueniet
1075 1768 1263 1810 tenebris
1285 1768 1400 1811 Mors
1417 1769 1619 1827 adoperta
1644 1775 1788 1827 caput,

670 1842 764 1884 Iam
784 1842 986 1899 subrepet
1004 1843 1120 1883 iners
1140 1848 1309 1884 aetas...

470 1967 606 2015 Dans
637 1984 737 2015 une
771 1966 1099 2015 circonstance
1137 1965 1412 2026 differente,
1445 1967 1567 2015 mais
1602 1984 1714 2016 avec
1747 1985 1820 2015 un
1855 1973 2178 2017 mouvement

404 2048 661 2115 analogue‚
681 2048 918 2115 Properce
941 2047 1015 2096 dit
1040 2050 1066 2096 a
1092 2047 1322 2115 Cynthia,
1347 2048 1391 2096 ΙΙ
1421 2049 1497 2109 15,
1524 2048 1606 2108 23,

669 2167 788 2209 Dum
812 2182 889 2209 nos
914 2167 1000 2209 fata
1020 2167 1184 2219 sinunt,
1212 2167 1357 2209 oculos
1381 2167 1585 2210 satiemus
1608 2181 1783 2211 amore:

785 2241 878 2284 Nox
903 2240 981 2284 tibi
1002 2241 1132 2299 longa
1150 2242 1274 2283 uenit
1294 2256 1372 2283 1166
1396 2241 1589 2284 reditura
1613 2241 1719 2283 dies.

468 2372 536 2421 Or
564 2372 599 2420 il
625 2372 754 2420 avait
777 2372 851 2421 dit
873 2371 1002 2439 ddja,
1027 2372 1047 2420 l
1077 2390 1152 2438 19,
1180 2373 1263 2431 25,

637 2490 798 2544 Quare,
826 2491 934 2533 dum
957 2491 1073 2542 licet,
1096 2491 1211 2532 inter
1235 2506 1312 2532 nos
1335 2490 1549 2533 laetemur
1569 2493 1788 2531 amantes:

782 2565 877 2606 Non
897 2565 997 2606 satis
1017 2570 1080 2606 est
1099 2564 1188 2605 ullo
1217 2570 1411 2621 tempore
1436 2564 1595 2621 longus
1619 2577 1758 2604 amor.

465 2697 515 2744 Si
540 2696 653 2745 bien
681 2714 779 2763 que
799 2695 1262 2762 methodiquement
1287 2713 1412 2743 nous
1432 2693 1658 2743 devrions
1681 2709 1913 2760 supposer
1929 2709 2025 2759 que
2041 2691 2168 2741 dans

397 2779 441 2827 le
469 2778 644 2827 second
669 2796 744 2827 cas
769 2778 803 2825 il
833 2795 896 2826 ne
927 2778 1037 2826 s'est
1063 2777 1244 2843 inspire
1269 2794 1366 2843 que
1390 2776 1450 2824 de
1481 2775 1742 2824 lui-meme
1769 2781 1818 2823 et
1848 2791 1946 2841 que
1969 2773 2170 2823 Tibulle

396 2877 422 2907 a
441 2878 506 2926 pu
527 2878 700 2925 songer
717 2877 780 2907 au
797 2877 990 2926 passage
1004 2859 1071 2907 du
1094 2857 1204 2917 1⁰f-l.
1229 2875 1238 2918 ;
1260 2858 1380 2905 mais
1398 2857 1432 2905 il
1450 2856 1589 2921 s’agit
1606 2855 1650 2904 la
1668 2855 1791 2903 d'un
1807 2854 1909 2904 lieu
1925 2871 2166 2903 commun

396 2940 454 2988 (16
475 2939 812 3006 l'hedonique.

462 3023 701 3088 Properce
725 3039 750 3068 a
776 3020 919 3068 traite
954 3020 1079 3068 ainsi
1117 3020 1161 3068 le
1199 3019 1348 3067 motif
1389 3018 1450 3067 de
1485 3016 1789 3065 l’instabilite
1829 3015 1890 3065 de
1927 3015 2164 3074 l'amour,

347 3079 592 3167 '119,1‚

658 3221 742 3263 Iste
762 3220 879 3278 quod
899 3226 978 3273 est,
1005 3234 1084 3276 ego
1105 3234 1228 3276 saepe
1254 3219 1336 3271 fui,
1364 3217 1437 3259 sed
1462 3218 1550 3259 fors
1574 3223 1616 3258 et
1641 3216 1687 3258 in
1714 3217 1823 3258 hora

777 3294 870 3336 Hoc
890 3295 983 3351 ipso
1008 3293 1144 3336 eiecto
1169 3293 1307 3334 carior
1332 3291 1442 3334 alter
1463 3291 1600 3334 erit...

323 3407 329 3413 .
396 3371 439 3420 ὅ,
471 3384 493 3426 7
661 3368 823 3411 Omnia
845 3373 1095 3418 uertuntur,
1124 3372 1238 3408 certe
1257 3370 1495 3408 uertuntur
1519 3379 1686 3407 amores
1707 3380 1717 3418 ;

778 3440 975 3484 Vinceris
1000 3446 1073 3483 aut
1097 3440 1253 3492 uineis,
1279 3441 1381 3482 haec
1402 3439 1449 3480 in
1471 3453 1619 3481 amore
1643 3443 1792 3481 rotast.
