<?xml version="1.0" encoding="UTF-8"?>
<!DOCTYPE html PUBLIC "-//W3C//DTD XHTML 1.0 Transitional//EN"
    "http://www.w3.org/TR/xhtml1/DTD/xhtml1-transitional.dtd">
<html xmlns="http://www.w3.org/1999/xhtml" xml:lang="en" lang="en">
 <head>
  <title>
</title>
<meta http-equiv="Content-Type" content="text/html;charset=utf-8" />
  <meta name='ocr-system' content='tesseract 3.04.00' />
  <meta name='ocr-capabilities' content='ocr_page ocr_carea ocr_par ocr_line ocrx_word'/>
</head>
<body>
  <div class='ocr_page' id='page_1' title='image "./tibulleetlesaute00tibuuoft_0197.png"; bbox 0 0 2384 4062; ppageno 0'>
   <div class='ocr_carea' id='block_1_1' title="bbox 0 2442 50 4062">
    <p class='ocr_par' dir='ltr' id='par_1_1' title="bbox 0 2442 50 4062">
     <span class='ocr_line' id='line_1_1' title="bbox 0 2442 50 4062; baseline 0 0"><span class='ocrx_word' id='word_1_1' title='bbox 0 2442 50 4062; x_wconf 95' lang='lat' dir='ltr'> </span> 
     </span>
    </p>
   </div>
   <div class='ocr_carea' id='block_1_2' title="bbox 0 0 532 2392">
    <p class='ocr_par' dir='ltr' id='par_1_2' title="bbox 0 0 532 2392">
     <span class='ocr_line' id='line_1_2' title="bbox 0 0 532 2392; baseline 0 -1931"><span class='ocrx_word' id='word_1_2' title='bbox 0 0 532 2392; x_wconf 95' lang='lat' dir='ltr'>    </span> 
     </span>
    </p>
   </div>
   <div class='ocr_carea' id='block_1_3' title="bbox 1055 378 2055 434">
    <p class='ocr_par' dir='ltr' id='par_1_3' title="bbox 1055 378 2055 434">
     <span class='ocr_line' id='line_1_3' title="bbox 1055 378 2055 434; baseline 0.007 -8"><span class='ocrx_word' id='word_1_3' title='bbox 1055 393 1275 427; x_wconf 81' lang='lat' dir='ltr'><strong>TIBULLE</strong></span> <span class='ocrx_word' id='word_1_4' title='bbox 1464 378 1469 383; x_wconf 83' lang='grc'><em>’</em></span> <span class='ocrx_word' id='word_1_5' title='bbox 1955 398 1974 431; x_wconf 96' lang='lat'>1</span> <span class='ocrx_word' id='word_1_6' title='bbox 1986 379 2055 434; x_wconf 85' lang='lat'>83</span> 
     </span>
    </p>
   </div>
   <div class='ocr_carea' id='block_1_4' title="bbox 267 498 2050 1108">
    <p class='ocr_par' dir='ltr' id='par_1_4' title="bbox 267 498 2050 1108">
     <span class='ocr_line' id='line_1_4' title="bbox 420 498 1664 572; baseline -0.002 -19"><span class='ocrx_word' id='word_1_7' title='bbox 420 499 784 572; x_wconf 85' lang='lat' dir='ltr'><strong>Candidaque</strong></span> <span class='ocrx_word' id='word_1_8' title='bbox 822 498 1052 571; x_wconf 88' lang='lat' dir='ltr'>antiquo</span> <span class='ocrx_word' id='word_1_9' title='bbox 1087 499 1304 552; x_wconf 80' lang='lat' dir='ltr'>detinet</span> <span class='ocrx_word' id='word_1_10' title='bbox 1334 498 1476 552; x_wconf 87' lang='lat' dir='ltr'>Alba</span> <span class='ocrx_word' id='word_1_11' title='bbox 1509 499 1624 552; x_wconf 88' lang='lat' dir='ltr'>lare</span> <span class='ocrx_word' id='word_1_12' title='bbox 1653 520 1664 552; x_wconf 77' lang='lat' dir='ltr'>t</span> 
     </span>
     <span class='ocr_line' id='line_1_5' title="bbox 274 588 1724 664; baseline -0.001 -22"><span class='ocrx_word' id='word_1_13' title='bbox 274 589 524 662; x_wconf 83' lang='lat' dir='ltr'>Namque</span> <span class='ocrx_word' id='word_1_14' title='bbox 558 589 759 662; x_wconf 91' lang='lat' dir='ltr'>opibus</span> <span class='ocrx_word' id='word_1_15' title='bbox 795 599 1059 664; x_wconf 85' lang='lat' dir='ltr'>congesta</span> <span class='ocrx_word' id='word_1_16' title='bbox 1095 589 1205 640; x_wconf 91' lang='lat' dir='ltr'>tuis</span> <span class='ocrx_word' id='word_1_17' title='bbox 1238 588 1329 640; x_wconf 89' lang='lat' dir='ltr'>hic</span> <span class='ocrx_word' id='word_1_18' title='bbox 1365 589 1554 663; x_wconf 82' lang='lat' dir='ltr'>glarea</span> <span class='ocrx_word' id='word_1_19' title='bbox 1586 589 1724 642; x_wconf 86' lang='lat' dir='ltr'>dura</span> 
     </span>
     <span class='ocr_line' id='line_1_6' title="bbox 421 677 2050 752; baseline 0.002 -21"><span class='ocrx_word' id='word_1_20' title='bbox 421 678 728 741; x_wconf 83' lang='lat' dir='ltr'><strong>Sternitur,</strong></span> <span class='ocrx_word' id='word_1_21' title='bbox 763 677 855 730; x_wconf 89' lang='lat' dir='ltr'>bic</span> <span class='ocrx_word' id='word_1_22' title='bbox 889 688 1018 750; x_wconf 89' lang='lat' dir='ltr'>apta</span> <span class='ocrx_word' id='word_1_23' title='bbox 1050 677 1306 752; x_wconf 83' lang='lat' dir='ltr'>iungitur</span> <span class='ocrx_word' id='word_1_24' title='bbox 1339 688 1456 730; x_wconf 87' lang='lat' dir='ltr'>arte</span> <span class='ocrx_word' id='word_1_25' title='bbox 1492 677 1669 741; x_wconf 82' lang='lat' dir='ltr'>silex3</span> <span class='ocrx_word' id='word_1_26' title='bbox 1978 683 2050 734; x_wconf 83' lang='lat'>60</span> 
     </span>
     <span class='ocr_line' id='line_1_7' title="bbox 268 765 1722 842; baseline -0.001 -22"><span class='ocrx_word' id='word_1_27' title='bbox 268 767 347 820; x_wconf 89' lang='lat' dir='ltr'>Te</span> <span class='ocrx_word' id='word_1_28' title='bbox 380 767 530 820; x_wconf 87' lang='lat' dir='ltr'>canit</span> <span class='ocrx_word' id='word_1_29' title='bbox 564 766 829 842; x_wconf 85' lang='lat' dir='ltr'>agricola,</span> <span class='ocrx_word' id='word_1_30' title='bbox 865 787 902 818; x_wconf 83' lang='lat' dir='ltr'>a</span> <span class='ocrx_word' id='word_1_31' title='bbox 935 786 1135 841; x_wconf 84' lang='lat' dir='ltr'>magna</span> <span class='ocrx_word' id='word_1_32' title='bbox 1170 786 1295 819; x_wconf 92' lang='lat' dir='ltr'>cum</span> <span class='ocrx_word' id='word_1_33' title='bbox 1329 765 1551 819; x_wconf 87' lang='lat' dir='ltr'>uenerit</span> <span class='ocrx_word' id='word_1_34' title='bbox 1582 768 1722 819; x_wconf 91' lang='lat' dir='ltr'>urbe</span> 
     </span>
     <span class='ocr_line' id='line_1_8' title="bbox 421 854 1637 928; baseline -0.002 -19"><span class='ocrx_word' id='word_1_35' title='bbox 421 857 591 910; x_wconf 89' lang='lat' dir='ltr'>Serus</span> <span class='ocrx_word' id='word_1_36' title='bbox 624 855 961 908; x_wconf 87' lang='lat' dir='ltr'>inoffensum</span> <span class='ocrx_word' id='word_1_37' title='bbox 996 854 1389 928; x_wconf 75' lang='lat' dir='ltr'>rettuleritque</span> <span class='ocrx_word' id='word_1_38' title='bbox 1415 855 1637 928; x_wconf 90' lang='lat' dir='ltr'>pedem.</span> 
     </span>
     <span class='ocr_line' id='line_1_9' title="bbox 267 944 1675 1017; baseline 0 -19"><span class='ocrx_word' id='word_1_39' title='bbox 267 945 341 998; x_wconf 87' lang='lat' dir='ltr'>At</span> <span class='ocrx_word' id='word_1_40' title='bbox 372 956 453 1009; x_wconf 90' lang='lat' dir='ltr'>tu,</span> <span class='ocrx_word' id='word_1_41' title='bbox 490 945 701 999; x_wconf 87' lang='lat' dir='ltr'>Natalis</span> <span class='ocrx_word' id='word_1_42' title='bbox 737 944 942 998; x_wconf 90' lang='lat' dir='ltr'>multos</span> <span class='ocrx_word' id='word_1_43' title='bbox 975 944 1311 998; x_wconf 83' lang='lat' dir='ltr'>celebrande</span> <span class='ocrx_word' id='word_1_44' title='bbox 1346 964 1447 1017; x_wconf 92' lang='lat' dir='ltr'>per</span> <span class='ocrx_word' id='word_1_45' title='bbox 1480 965 1675 1008; x_wconf 82' lang='lat' dir='ltr'>annOS‚</span> 
     </span>
     <span class='ocr_line' id='line_1_10' title="bbox 418 1034 1605 1108; baseline -0.002 -20"><span class='ocrx_word' id='word_1_46' title='bbox 418 1034 729 1089; x_wconf 88' lang='lat' dir='ltr'>Candidior</span> <span class='ocrx_word' id='word_1_47' title='bbox 762 1054 985 1108; x_wconf 89' lang='lat' dir='ltr'>semper</span> <span class='ocrx_word' id='word_1_48' title='bbox 1018 1034 1420 1108; x_wconf 83' lang='lat' dir='ltr'>candidiorque</span> <span class='ocrx_word' id='word_1_49' title='bbox 1455 1034 1605 1087; x_wconf 87' lang='lat' dir='ltr'>ueni.</span> 
     </span>
    </p>
   </div>
   <div class='ocr_carea' id='block_1_5' title="bbox 1090 1303 1216 1358">
    <p class='ocr_par' dir='ltr' id='par_1_5' title="bbox 1090 1303 1216 1358">
     <span class='ocr_line' id='line_1_11' title="bbox 1090 1303 1216 1358; baseline -0.024 0"><span class='ocrx_word' id='word_1_50' title='bbox 1090 1303 1216 1358; x_wconf 89' lang='lat' dir='ltr'>VIII</span> 
     </span>
    </p>
   </div>
   <div class='ocr_carea' id='block_1_6' title="bbox 249 1525 1760 1847">
    <p class='ocr_par' dir='ltr' id='par_1_6' title="bbox 263 1525 1663 1681">
     <span class='ocr_line' id='line_1_12' title="bbox 263 1525 1663 1600; baseline -0.001 -21"><span class='ocrx_word' id='word_1_51' title='bbox 263 1526 386 1579; x_wconf 90' lang='lat' dir='ltr'>Non</span> <span class='ocrx_word' id='word_1_52' title='bbox 420 1544 525 1600; x_wconf 83' lang='lat' dir='ltr'>ego</span> <span class='ocrx_word' id='word_1_53' title='bbox 559 1525 734 1599; x_wconf 74' lang='lat' dir='ltr'>celari</span> <span class='ocrx_word' id='word_1_54' title='bbox 763 1545 1015 1599; x_wconf 90' lang='lat' dir='ltr'>possum,</span> <span class='ocrx_word' id='word_1_55' title='bbox 1054 1525 1190 1598; x_wconf 89' lang='lat' dir='ltr'>quid</span> <span class='ocrx_word' id='word_1_56' title='bbox 1223 1536 1391 1579; x_wconf 91' lang='lat' dir='ltr'>nutus</span> <span class='ocrx_word' id='word_1_57' title='bbox 1425 1526 1663 1578; x_wconf 86' lang='lat' dir='ltr'>amantis</span> 
     </span>
     <span class='ocr_line' id='line_1_13' title="bbox 413 1614 1587 1681; baseline 0 -14"><span class='ocrx_word' id='word_1_58' title='bbox 413 1614 633 1681; x_wconf 89' lang='lat' dir='ltr'>Quidue</span> <span class='ocrx_word' id='word_1_59' title='bbox 667 1614 851 1668; x_wconf 90' lang='lat' dir='ltr'>ferant</span> <span class='ocrx_word' id='word_1_60' title='bbox 884 1615 1005 1667; x_wconf 90' lang='lat' dir='ltr'>miti</span> <span class='ocrx_word' id='word_1_61' title='bbox 1038 1615 1188 1668; x_wconf 90' lang='lat' dir='ltr'>lenia</span> <span class='ocrx_word' id='word_1_62' title='bbox 1220 1617 1394 1668; x_wconf 90' lang='lat' dir='ltr'>uerba</span> <span class='ocrx_word' id='word_1_63' title='bbox 1429 1635 1587 1678; x_wconf 90' lang='lat' dir='ltr'>sono,</span> 
     </span>
    </p>

    <p class='ocr_par' dir='ltr' id='par_1_7' title="bbox 261 1704 1760 1758">
     <span class='ocr_line' id='line_1_14' title="bbox 261 1704 1760 1758; baseline 0 -1"><span class='ocrx_word' id='word_1_64' title='bbox 261 1704 376 1758; x_wconf 91' lang='lat' dir='ltr'>Nec</span> <span class='ocrx_word' id='word_1_65' title='bbox 410 1704 547 1756; x_wconf 91' lang='lat' dir='ltr'>mihi</span> <span class='ocrx_word' id='word_1_66' title='bbox 581 1715 711 1757; x_wconf 93' lang='lat' dir='ltr'>sunt</span> <span class='ocrx_word' id='word_1_67' title='bbox 744 1715 925 1757; x_wconf 82' lang='lat' dir='ltr'>sortes</span> <span class='ocrx_word' id='word_1_68' title='bbox 959 1725 1062 1757; x_wconf 93' lang='lat' dir='ltr'>nec</span> <span class='ocrx_word' id='word_1_69' title='bbox 1096 1705 1320 1757; x_wconf 90' lang='lat' dir='ltr'>conscia</span> <span class='ocrx_word' id='word_1_70' title='bbox 1353 1704 1494 1757; x_wconf 88' lang='lat' dir='ltr'>fibra</span> <span class='ocrx_word' id='word_1_71' title='bbox 1527 1704 1760 1757; x_wconf 90' lang='lat' dir='ltr'>deorum</span> 
     </span>
    </p>

    <p class='ocr_par' dir='ltr' id='par_1_8' title="bbox 249 1784 1686 1847">
     <span class='ocr_line' id='line_1_15' title="bbox 249 1784 1686 1847; baseline -0.001 0"><span class='ocrx_word' id='word_1_72' title='bbox 249 1784 250 1787; x_wconf 9' lang='grc' dir='ltr'><strong>Ἴ</strong></span> <span class='ocrx_word' id='word_1_73' title='bbox 409 1794 692 1847; x_wconf 87' lang='lat' dir='ltr'>Praecinit</span> <span class='ocrx_word' id='word_1_74' title='bbox 726 1804 959 1847; x_wconf 89' lang='lat' dir='ltr'>euentus</span> <span class='ocrx_word' id='word_1_75' title='bbox 994 1814 1096 1847; x_wconf 90' lang='lat' dir='ltr'>nec</span> <span class='ocrx_word' id='word_1_76' title='bbox 1131 1794 1268 1846; x_wconf 88' lang='lat' dir='ltr'>mihi</span> <span class='ocrx_word' id='word_1_77' title='bbox 1303 1805 1497 1847; x_wconf 89' lang='lat' dir='ltr'>cantus</span> <span class='ocrx_word' id='word_1_78' title='bbox 1533 1794 1686 1847; x_wconf 91' lang='lat' dir='ltr'>auis:</span> 
     </span>
    </p>
   </div>
   <div class='ocr_carea' id='block_1_7' title="bbox 2012 1886 2044 1937">
    <p class='ocr_par' dir='ltr' id='par_1_9' title="bbox 2012 1886 2044 1937">
     <span class='ocr_line' id='line_1_16' title="bbox 2012 1886 2044 1937; textangle 90"><span class='ocrx_word' id='word_1_79' title='bbox 2012 1886 2044 1937; x_wconf 64' lang='lat'>01</span> 
     </span>
    </p>
   </div>
   <div class='ocr_carea' id='block_1_8' title="bbox 259 1883 1772 2314">
    <p class='ocr_par' dir='ltr' id='par_1_10' title="bbox 259 1883 1772 2314">
     <span class='ocr_line' id='line_1_17' title="bbox 261 1883 1680 1958; baseline 0.001 -23"><span class='ocrx_word' id='word_1_80' title='bbox 261 1883 388 1955; x_wconf 89' lang='lat' dir='ltr'>Ipsa</span> <span class='ocrx_word' id='word_1_81' title='bbox 420 1884 608 1936; x_wconf 84' lang='lat' dir='ltr'>Ve&#39;nus</span> <span class='ocrx_word' id='word_1_82' title='bbox 643 1883 861 1958; x_wconf 83' lang='lat' dir='ltr'>magico</span> <span class='ocrx_word' id='word_1_83' title='bbox 901 1883 1200 1957; x_wconf 76' lang='lat' dir='ltr'>religatum</span> <span class='ocrx_word' id='word_1_84' title='bbox 1234 1884 1499 1936; x_wconf 87' lang='lat' dir='ltr'>bracchia</span> <span class='ocrx_word' id='word_1_85' title='bbox 1532 1884 1680 1937; x_wconf 91' lang='lat' dir='ltr'>nodo</span> 
     </span>
     <span class='ocr_line' id='line_1_18' title="bbox 409 1972 1642 2037; baseline 0 -11"><span class='ocrx_word' id='word_1_86' title='bbox 409 1972 712 2026; x_wconf 89' lang='lat' dir='ltr'>Perdocuit</span> <span class='ocrx_word' id='word_1_87' title='bbox 746 1972 937 2025; x_wconf 90' lang='lat' dir='ltr'>multis</span> <span class='ocrx_word' id='word_1_88' title='bbox 970 1993 1084 2025; x_wconf 90' lang='lat' dir='ltr'>non</span> <span class='ocrx_word' id='word_1_89' title='bbox 1118 1973 1238 2025; x_wconf 89' lang='lat' dir='ltr'>sine</span> <span class='ocrx_word' id='word_1_90' title='bbox 1270 1973 1642 2037; x_wconf 83' lang='lat' dir='ltr'>uerberibus3</span> 
     </span>
     <span class='ocr_line' id='line_1_19' title="bbox 259 2061 1561 2126; baseline 0.001 -12"><span class='ocrx_word' id='word_1_91' title='bbox 259 2061 467 2115; x_wconf 88' lang='lat' dir='ltr'>Desine</span> <span class='ocrx_word' id='word_1_92' title='bbox 503 2061 897 2115; x_wconf 87' lang='lat' dir='ltr'>dissimulare:</span> <span class='ocrx_word' id='word_1_93' title='bbox 936 2062 1073 2114; x_wconf 92' lang='lat' dir='ltr'>deus</span> <span class='ocrx_word' id='word_1_94' title='bbox 1109 2062 1393 2115; x_wconf 87' lang='lat' dir='ltr'>crudelius</span> <span class='ocrx_word' id='word_1_95' title='bbox 1427 2063 1561 2126; x_wconf 89' lang='lat' dir='ltr'>urit,</span> 
     </span>
     <span class='ocr_line' id='line_1_20' title="bbox 409 2151 1552 2217; baseline 0.001 -14"><span class='ocrx_word' id='word_1_96' title='bbox 409 2151 561 2217; x_wconf 87' lang='lat' dir='ltr'>Quos</span> <span class='ocrx_word' id='word_1_97' title='bbox 595 2151 752 2204; x_wconf 89' lang='lat' dir='ltr'>uidet</span> <span class='ocrx_word' id='word_1_98' title='bbox 783 2151 992 2203; x_wconf 90' lang='lat' dir='ltr'>inuitos</span> <span class='ocrx_word' id='word_1_99' title='bbox 1027 2151 1388 2204; x_wconf 90' lang='lat' dir='ltr'>succubuisse</span> <span class='ocrx_word' id='word_1_100' title='bbox 1424 2152 1552 2205; x_wconf 88' lang='lat' dir='ltr'>sibi.</span> 
     </span>
     <span class='ocr_line' id='line_1_21' title="bbox 259 2240 1772 2314; baseline 0.001 -22"><span class='ocrx_word' id='word_1_101' title='bbox 259 2240 410 2306; x_wconf 89' lang='lat' dir='ltr'>Quid</span> <span class='ocrx_word' id='word_1_102' title='bbox 443 2240 547 2294; x_wconf 92' lang='lat' dir='ltr'>tibi</span> <span class='ocrx_word' id='word_1_103' title='bbox 580 2260 728 2293; x_wconf 90' lang='lat' dir='ltr'>nunc</span> <span class='ocrx_word' id='word_1_104' title='bbox 762 2241 995 2312; x_wconf 91' lang='lat' dir='ltr'>prodest</span> <span class='ocrx_word' id='word_1_105' title='bbox 1029 2241 1227 2294; x_wconf 89' lang='lat' dir='ltr'>molles</span> <span class='ocrx_word' id='word_1_106' title='bbox 1262 2241 1502 2294; x_wconf 91' lang='lat' dir='ltr'>coluisse</span> <span class='ocrx_word' id='word_1_107' title='bbox 1539 2241 1772 2314; x_wconf 89' lang='lat' dir='ltr'>capillos</span> 
     </span>
    </p>
   </div>
   <div class='ocr_carea' id='block_1_9' title="bbox 255 2418 2040 2680">
    <p class='ocr_par' dir='ltr' id='par_1_11' title="bbox 255 2418 2040 2680">
     <span class='ocr_line' id='line_1_22' title="bbox 256 2418 2038 2477; baseline 0.001 -15"><span class='ocrx_word' id='word_1_108' title='bbox 256 2434 313 2462; x_wconf 87' lang='lat' dir='ltr'>en</span> <span class='ocrx_word' id='word_1_109' title='bbox 331 2418 419 2462; x_wconf 57' lang='lat' dir='ltr'>tete</span> <span class='ocrx_word' id='word_1_110' title='bbox 443 2419 575 2462; x_wconf 91' lang='lat' dir='ltr'>d&#39;une</span> <span class='ocrx_word' id='word_1_111' title='bbox 593 2419 864 2477; x_wconf 88' lang='lat' dir='ltr'>proposition</span> <span class='ocrx_word' id='word_1_112' title='bbox 880 2418 1168 2476; x_wconf 87' lang='lat' dir='ltr'>prohibitive3</span> <span class='ocrx_word' id='word_1_113' title='bbox 1197 2420 1253 2463; x_wconf 85' lang='lat' dir='ltr'>cf.</span> <span class='ocrx_word' id='word_1_114' title='bbox 1279 2420 1299 2462; x_wconf 97' lang='lat' dir='ltr'>I</span> <span class='ocrx_word' id='word_1_115' title='bbox 1321 2419 1364 2472; x_wconf 76' lang='grc' dir='ltr'>Δ,</span> <span class='ocrx_word' id='word_1_116' title='bbox 1393 2419 1465 2462; x_wconf 83' lang='lat'>62.</span> <span class='ocrx_word' id='word_1_117' title='bbox 1482 2445 1538 2452; x_wconf 89' lang='lat'>-</span> <span class='ocrx_word' id='word_1_118' title='bbox 1557 2436 1674 2469; x_wconf 76' lang='lat' dir='ltr'>quem</span> <span class='ocrx_word' id='word_1_119' title='bbox 1698 2421 1755 2473; x_wconf 68' lang='grc' dir='ltr'>(ἴ,</span> <span class='ocrx_word' id='word_1_120' title='bbox 1778 2437 1855 2470; x_wconf 78' lang='lat' dir='ltr'>que</span> <span class='ocrx_word' id='word_1_121' title='bbox 1875 2421 2038 2469; x_wconf 69' lang='lat' dir='ltr'>Ambr„</span> 
     </span>
     <span class='ocr_line' id='line_1_23' title="bbox 255 2487 2040 2545; baseline 0.001 -17"><span class='ocrx_word' id='word_1_122' title='bbox 255 2502 360 2536; x_wconf 75' lang='lat' dir='ltr'>quae</span> <span class='ocrx_word' id='word_1_123' title='bbox 389 2487 421 2530; x_wconf 84' lang='lat' dir='ltr'><strong><em>V</em></strong></span> <span class='ocrx_word' id='word_1_124' title='bbox 442 2502 454 2540; x_wconf 90' lang='lat'>;</span> <span class='ocrx_word' id='word_1_125' title='bbox 481 2487 522 2529; x_wconf 86' lang='lat' dir='ltr'>la</span> <span class='ocrx_word' id='word_1_126' title='bbox 542 2487 662 2529; x_wconf 88' lang='lat' dir='ltr'>faute</span> <span class='ocrx_word' id='word_1_127' title='bbox 684 2487 886 2545; x_wconf 80' lang='lat' dir='ltr'>provient</span> <span class='ocrx_word' id='word_1_128' title='bbox 910 2500 1006 2528; x_wconf 87' lang='lat' dir='ltr'>sans</span> <span class='ocrx_word' id='word_1_129' title='bbox 1037 2487 1170 2529; x_wconf 89' lang='lat' dir='ltr'>doute</span> <span class='ocrx_word' id='word_1_130' title='bbox 1192 2487 1245 2529; x_wconf 89' lang='lat' dir='ltr'>de</span> <span class='ocrx_word' id='word_1_131' title='bbox 1269 2487 1310 2529; x_wconf 94' lang='grc'><strong>13</strong></span> <span class='ocrx_word' id='word_1_132' title='bbox 1335 2487 1515 2545; x_wconf 85' lang='lat' dir='ltr'>graphie</span> <span class='ocrx_word' id='word_1_133' title='bbox 1548 2487 1643 2536; x_wconf 59' lang='lat' dir='ltr'>que.</span> <span class='ocrx_word' id='word_1_134' title='bbox 1672 2514 1729 2520; x_wconf 92' lang='lat'><strong>—</strong></span> <span class='ocrx_word' id='word_1_135' title='bbox 1754 2489 1827 2533; x_wconf 90' lang='grc'>61.</span> <span class='ocrx_word' id='word_1_136' title='bbox 1861 2497 2040 2538; x_wconf 75' lang='lat' dir='ltr'>aqricola</span> 
     </span>
     <span class='ocr_line' id='line_1_24' title="bbox 255 2553 2039 2613; baseline 0.001 -18"><span class='ocrx_word' id='word_1_137' title='bbox 255 2568 279 2594; x_wconf 82' lang='grc'><strong>3</strong></span> <span class='ocrx_word' id='word_1_138' title='bbox 303 2569 452 2604; x_wconf 68' lang='lat' dir='ltr'>maana</span> <span class='ocrx_word' id='word_1_139' title='bbox 475 2553 712 2607; x_wconf 89' lang='lat' dir='ltr'>Baehrens,</span> <span class='ocrx_word' id='word_1_140' title='bbox 747 2562 925 2604; x_wconf 77' lang='lat' dir='ltr'>aqr1c01a</span> <span class='ocrx_word' id='word_1_141' title='bbox 955 2569 1102 2604; x_wconf 64' lang='lat' dir='ltr'>maana</span> <span class='ocrx_word' id='word_1_142' title='bbox 1133 2555 1277 2597; x_wconf 78' lang='lat' dir='ltr'>A-mbr.</span> <span class='ocrx_word' id='word_1_143' title='bbox 1292 2557 1338 2602; x_wconf 86' lang='lat' dir='ltr'>V,</span> <span class='ocrx_word' id='word_1_144' title='bbox 1367 2554 1680 2613; x_wconf 85' lang='lat' dir='ltr'>haplographie</span> <span class='ocrx_word' id='word_1_145' title='bbox 1700 2571 1711 2608; x_wconf 83' lang='lat'><em>3</em></span> <span class='ocrx_word' id='word_1_146' title='bbox 1734 2554 1777 2597; x_wconf 87' lang='grc'><strong>13</strong></span> <span class='ocrx_word' id='word_1_147' title='bbox 1798 2554 2039 2598; x_wconf 89' lang='lat' dir='ltr'>correction</span> 
     </span>
     <span class='ocr_line' id='line_1_25' title="bbox 255 2620 1552 2680; baseline 0.001 -17"><span class='ocrx_word' id='word_1_148' title='bbox 255 2620 309 2663; x_wconf 90' lang='lat' dir='ltr'>de</span> <span class='ocrx_word' id='word_1_149' title='bbox 331 2620 551 2664; x_wconf 83' lang='lat' dir='ltr'>Baehrens</span> <span class='ocrx_word' id='word_1_150' title='bbox 575 2627 639 2663; x_wconf 86' lang='lat' dir='ltr'>est</span> <span class='ocrx_word' id='word_1_151' title='bbox 662 2621 767 2664; x_wconf 90' lang='lat' dir='ltr'>celle</span> <span class='ocrx_word' id='word_1_152' title='bbox 788 2622 864 2679; x_wconf 83' lang='lat' dir='ltr'>qui</span> <span class='ocrx_word' id='word_1_153' title='bbox 889 2621 1091 2680; x_wconf 76' lang='lat' dir='ltr'>explique</span> <span class='ocrx_word' id='word_1_154' title='bbox 1111 2621 1153 2663; x_wconf 91' lang='grc'>10</span> <span class='ocrx_word' id='word_1_155' title='bbox 1178 2621 1327 2663; x_wconf 75' lang='lat' dir='ltr'>mieux</span> <span class='ocrx_word' id='word_1_156' title='bbox 1350 2621 1394 2664; x_wconf 92' lang='grc'><strong>13</strong></span> <span class='ocrx_word' id='word_1_157' title='bbox 1418 2622 1552 2664; x_wconf 82' lang='lat' dir='ltr'>faute.</span> 
     </span>
    </p>
   </div>
   <div class='ocr_carea' id='block_1_10' title="bbox 251 2797 2043 3188">
    <p class='ocr_par' dir='ltr' id='par_1_12' title="bbox 251 2797 2043 3188">
     <span class='ocr_line' id='line_1_26' title="bbox 314 2797 2043 2858; baseline -0.001 -14"><span class='ocrx_word' id='word_1_158' title='bbox 314 2797 355 2844; x_wconf 89' lang='grc' dir='ltr'>Ῐ.</span> <span class='ocrx_word' id='word_1_159' title='bbox 376 2797 498 2852; x_wconf 83' lang='lat' dir='ltr'>VIII,</span> <span class='ocrx_word' id='word_1_160' title='bbox 527 2799 570 2844; x_wconf 86' lang='lat'>1.</span> <span class='ocrx_word' id='word_1_161' title='bbox 604 2808 729 2842; x_wconf 83' lang='lat' dir='ltr'>ce1ar1&#39;</span> <span class='ocrx_word' id='word_1_162' title='bbox 756 2801 814 2854; x_wconf 60' lang='lat' dir='ltr'>G,</span> <span class='ocrx_word' id='word_1_163' title='bbox 840 2810 974 2843; x_wconf 83' lang='lat' dir='ltr'>celare</span> <span class='ocrx_word' id='word_1_164' title='bbox 1008 2802 1151 2845; x_wconf 83' lang='lat' dir='ltr'>Ambr.</span> <span class='ocrx_word' id='word_1_165' title='bbox 1167 2802 1212 2849; x_wconf 90' lang='lat' dir='ltr'>V,</span> <span class='ocrx_word' id='word_1_166' title='bbox 1243 2800 1473 2843; x_wconf 89' lang='lat' dir='ltr'>confusion</span> <span class='ocrx_word' id='word_1_167' title='bbox 1501 2800 1555 2843; x_wconf 89' lang='lat' dir='ltr'>de</span> <span class='ocrx_word' id='word_1_168' title='bbox 1588 2800 1637 2843; x_wconf 80' lang='lat' dir='ltr'>l&#39;i</span> <span class='ocrx_word' id='word_1_169' title='bbox 1665 2806 1708 2843; x_wconf 87' lang='lat' dir='ltr'>et</span> <span class='ocrx_word' id='word_1_170' title='bbox 1742 2800 1795 2842; x_wconf 89' lang='lat' dir='ltr'>de</span> <span class='ocrx_word' id='word_1_171' title='bbox 1819 2800 1888 2850; x_wconf 84' lang='lat' dir='ltr'>l’e,</span> <span class='ocrx_word' id='word_1_172' title='bbox 1915 2805 2043 2858; x_wconf 89' lang='lat' dir='ltr'>peut-</span> 
     </span>
     <span class='ocr_line' id='line_1_27' title="bbox 251 2865 2039 2926; baseline 0 -18"><span class='ocrx_word' id='word_1_173' title='bbox 251 2865 343 2908; x_wconf 60' lang='lat' dir='ltr'>&amp;tre</span> <span class='ocrx_word' id='word_1_174' title='bbox 366 2866 554 2908; x_wconf 69' lang='lat' dir='ltr'>facilitee</span> <span class='ocrx_word' id='word_1_175' title='bbox 577 2882 705 2925; x_wconf 87' lang='lat' dir='ltr'>parce</span> <span class='ocrx_word' id='word_1_176' title='bbox 728 2883 814 2925; x_wconf 89' lang='lat' dir='ltr'>que</span> <span class='ocrx_word' id='word_1_177' title='bbox 833 2867 876 2910; x_wconf 94' lang='grc'>10</span> <span class='ocrx_word' id='word_1_178' title='bbox 901 2867 1040 2910; x_wconf 88' lang='lat' dir='ltr'>scribe</span> <span class='ocrx_word' id='word_1_179' title='bbox 1061 2868 1131 2910; x_wconf 90' lang='lat' dir='ltr'>n&#39;a</span> <span class='ocrx_word' id='word_1_180' title='bbox 1151 2884 1226 2926; x_wconf 86' lang='lat' dir='ltr'>pas</span> <span class='ocrx_word' id='word_1_181' title='bbox 1247 2867 1437 2925; x_wconf 81' lang='lat' dir='ltr'>compris</span> <span class='ocrx_word' id='word_1_182' title='bbox 1475 2867 1516 2910; x_wconf 92' lang='grc'>10</span> <span class='ocrx_word' id='word_1_183' title='bbox 1541 2867 1689 2925; x_wconf 88' lang='lat' dir='ltr'>passif.</span> <span class='ocrx_word' id='word_1_184' title='bbox 1730 2894 1783 2899; x_wconf 96' lang='lat'>—</span> <span class='ocrx_word' id='word_1_185' title='bbox 1820 2867 1864 2912; x_wconf 89' lang='lat'>2.</span> <span class='ocrx_word' id='word_1_186' title='bbox 1900 2876 2039 2909; x_wconf 82' lang='lat' dir='ltr'>ferant</span> 
     </span>
     <span class='ocr_line' id='line_1_28' title="bbox 260 2933 2035 2992; baseline -0.001 -17"><span class='ocrx_word' id='word_1_187' title='bbox 260 2934 310 2986; x_wconf 86' lang='lat' dir='ltr'>V,</span> <span class='ocrx_word' id='word_1_188' title='bbox 336 2941 446 2976; x_wconf 75' lang='lat' dir='ltr'>ferat</span> <span class='ocrx_word' id='word_1_189' title='bbox 468 2933 611 2976; x_wconf 83' lang='lat' dir='ltr'>Ambr.</span> <span class='ocrx_word' id='word_1_190' title='bbox 635 2949 646 2987; x_wconf 93' lang='lat'>;</span> <span class='ocrx_word' id='word_1_191' title='bbox 674 2934 898 2992; x_wconf 86' lang='lat' dir='ltr'>l&#39;original</span> <span class='ocrx_word' id='word_1_192' title='bbox 927 2935 1108 2992; x_wconf 77' lang='lat' dir='ltr'>p&#39;ouvait</span> <span class='ocrx_word' id='word_1_193' title='bbox 1135 2935 1256 2977; x_wconf 88' lang='lat' dir='ltr'>avoir</span> <span class='ocrx_word' id='word_1_194' title='bbox 1286 2935 1426 2988; x_wconf 50' lang='lat' dir='ltr'>feram</span> <span class='ocrx_word' id='word_1_195' title='bbox 1451 2934 1491 2976; x_wconf 92' lang='lat' dir='ltr'>le</span> <span class='ocrx_word' id='word_1_196' title='bbox 1527 2934 1664 2977; x_wconf 89' lang='lat' dir='ltr'>scribe</span> <span class='ocrx_word' id='word_1_197' title='bbox 1685 2934 1738 2976; x_wconf 93' lang='lat' dir='ltr'>de</span> <span class='ocrx_word' id='word_1_198' title='bbox 1759 2935 1903 2977; x_wconf 81' lang='lat' dir='ltr'>Ambr.</span> <span class='ocrx_word' id='word_1_199' title='bbox 1928 2949 1951 2975; x_wconf 88' lang='lat' dir='ltr'>a</span> <span class='ocrx_word' id='word_1_200' title='bbox 1974 2950 2035 2991; x_wconf 91' lang='lat' dir='ltr'>pu</span> 
     </span>
     <span class='ocr_line' id='line_1_29' title="bbox 251 2999 2035 3060; baseline 0 -18"><span class='ocrx_word' id='word_1_201' title='bbox 251 2999 452 3058; x_wconf 66' lang='lat' dir='ltr'>negliger</span> <span class='ocrx_word' id='word_1_202' title='bbox 473 2999 514 3042; x_wconf 91' lang='grc'>10</span> <span class='ocrx_word' id='word_1_203' title='bbox 537 3001 641 3043; x_wconf 83' lang='lat' dir='ltr'>trait</span> <span class='ocrx_word' id='word_1_204' title='bbox 660 3017 670 3054; x_wconf 95' lang='lat'>;</span> <span class='ocrx_word' id='word_1_205' title='bbox 698 3001 732 3044; x_wconf 92' lang='lat' dir='ltr'>il</span> <span class='ocrx_word' id='word_1_206' title='bbox 751 3017 796 3043; x_wconf 88' lang='lat' dir='ltr'>se</span> <span class='ocrx_word' id='word_1_207' title='bbox 820 3007 926 3060; x_wconf 89' lang='lat' dir='ltr'>peut</span> <span class='ocrx_word' id='word_1_208' title='bbox 946 3003 1059 3044; x_wconf 90' lang='lat' dir='ltr'>aussi</span> <span class='ocrx_word' id='word_1_209' title='bbox 1084 3018 1169 3060; x_wconf 91' lang='lat' dir='ltr'>que</span> <span class='ocrx_word' id='word_1_210' title='bbox 1192 3002 1412 3060; x_wconf 84' lang='lat' dir='ltr'>l&#39;original</span> <span class='ocrx_word' id='word_1_211' title='bbox 1436 3003 1511 3044; x_wconf 69' lang='lat' dir='ltr'>eut</span> <span class='ocrx_word' id='word_1_212' title='bbox 1533 3011 1642 3044; x_wconf 78' lang='lat' dir='ltr'>ferat</span> <span class='ocrx_word' id='word_1_213' title='bbox 1665 3007 1706 3043; x_wconf 84' lang='lat' dir='ltr'>et</span> <span class='ocrx_word' id='word_1_214' title='bbox 1726 3017 1811 3058; x_wconf 87' lang='lat' dir='ltr'>que</span> <span class='ocrx_word' id='word_1_215' title='bbox 1835 3001 1876 3043; x_wconf 93' lang='grc'>10</span> <span class='ocrx_word' id='word_1_216' title='bbox 1897 3000 2035 3042; x_wconf 83' lang='lat' dir='ltr'>scribe</span> 
     </span>
     <span class='ocr_line' id='line_1_30' title="bbox 252 3065 2033 3127; baseline 0 -19"><span class='ocrx_word' id='word_1_217' title='bbox 252 3065 307 3108; x_wconf 92' lang='lat' dir='ltr'>de</span> <span class='ocrx_word' id='word_1_218' title='bbox 345 3069 381 3110; x_wconf 92' lang='lat' dir='ltr'><strong><em>V</em></strong></span> <span class='ocrx_word' id='word_1_219' title='bbox 401 3066 481 3123; x_wconf 92' lang='lat' dir='ltr'>(ou</span> <span class='ocrx_word' id='word_1_220' title='bbox 505 3067 612 3110; x_wconf 91' lang='lat' dir='ltr'>d&#39;un</span> <span class='ocrx_word' id='word_1_221' title='bbox 636 3083 739 3110; x_wconf 89' lang='lat' dir='ltr'>mss.</span> <span class='ocrx_word' id='word_1_222' title='bbox 764 3069 1004 3126; x_wconf 60' lang='lat' dir='ltr'>anterieur)</span> <span class='ocrx_word' id='word_1_223' title='bbox 1032 3069 1094 3111; x_wconf 88' lang='lat' dir='ltr'>ait</span> <span class='ocrx_word' id='word_1_224' title='bbox 1118 3069 1304 3127; x_wconf 74' lang='lat' dir='ltr'>corrige,</span> <span class='ocrx_word' id='word_1_225' title='bbox 1335 3069 1375 3111; x_wconf 91' lang='grc'><strong>13</strong></span> <span class='ocrx_word' id='word_1_226' title='bbox 1396 3069 1637 3111; x_wconf 90' lang='lat' dir='ltr'>correction</span> <span class='ocrx_word' id='word_1_227' title='bbox 1660 3068 1856 3110; x_wconf 80' lang='lat' dir='ltr'>s’offrant</span> <span class='ocrx_word' id='word_1_228' title='bbox 1886 3068 2033 3110; x_wconf 80' lang='lat' dir='ltr'>d’elle-</span> 
     </span>
     <span class='ocr_line' id='line_1_31' title="bbox 252 3132 1647 3188; baseline 0.001 -13"><span class='ocrx_word' id='word_1_229' title='bbox 252 3132 398 3176; x_wconf 69' lang='lat' dir='ltr'>meme</span> <span class='ocrx_word' id='word_1_230' title='bbox 428 3159 486 3165; x_wconf 92' lang='lat'>——-</span> <span class='ocrx_word' id='word_1_231' title='bbox 501 3143 608 3176; x_wconf 83' lang='lat' dir='ltr'>lenia</span> <span class='ocrx_word' id='word_1_232' title='bbox 641 3137 687 3184; x_wconf 91' lang='lat' dir='ltr'>V,</span> <span class='ocrx_word' id='word_1_233' title='bbox 713 3144 817 3177; x_wconf 83' lang='lat' dir='ltr'>leuia</span> <span class='ocrx_word' id='word_1_234' title='bbox 835 3137 1000 3188; x_wconf 63' lang='lat' dir='ltr'>Ambr„</span> <span class='ocrx_word' id='word_1_235' title='bbox 1027 3136 1258 3178; x_wconf 83' lang='lat' dir='ltr'>confusion</span> <span class='ocrx_word' id='word_1_236' title='bbox 1282 3136 1335 3178; x_wconf 90' lang='grc'>(10</span> <span class='ocrx_word' id='word_1_237' title='bbox 1358 3136 1415 3178; x_wconf 91' lang='grc' dir='ltr'><strong>1ἠ</strong></span> <span class='ocrx_word' id='word_1_238' title='bbox 1436 3142 1478 3178; x_wconf 86' lang='lat' dir='ltr'>et</span> <span class='ocrx_word' id='word_1_239' title='bbox 1499 3135 1552 3177; x_wconf 87' lang='lat' dir='ltr'>de</span> <span class='ocrx_word' id='word_1_240' title='bbox 1576 3136 1647 3177; x_wconf 79' lang='lat' dir='ltr'>l&#39;a.</span> 
     </span>
    </p>
   </div>
   <div class='ocr_carea' id='block_1_11' title="bbox 953 3270 1334 3316">
    <p class='ocr_par' dir='ltr' id='par_1_13' title="bbox 953 3270 1334 3316">
     <span class='ocr_line' id='line_1_32' title="bbox 953 3270 1334 3316; baseline -0.01 -1"><span class='ocrx_word' id='word_1_241' title='bbox 953 3270 1076 3316; x_wconf 74' lang='grc'><strong>9-14.</strong></span> <span class='ocrx_word' id='word_1_242' title='bbox 1099 3272 1204 3313; x_wconf 73' lang='lat' dir='ltr'>E&#39;aec.</span> <span class='ocrx_word' id='word_1_243' title='bbox 1229 3271 1334 3312; x_wconf 81' lang='lat' dir='ltr'>Par.</span> 
     </span>
    </p>
   </div>
   <div class='ocr_carea' id='block_1_12' title="bbox 256 3378 2041 3505">
    <p class='ocr_par' dir='ltr' id='par_1_14' title="bbox 256 3378 2041 3505">
     <span class='ocr_line' id='line_1_33' title="bbox 320 3378 2041 3434; baseline -0.003 -9"><span class='ocrx_word' id='word_1_244' title='bbox 320 3378 365 3425; x_wconf 83' lang='grc'>9.</span> <span class='ocrx_word' id='word_1_245' title='bbox 386 3388 552 3428; x_wconf 77' lang='lat' dir='ltr'>prodest</span> <span class='ocrx_word' id='word_1_246' title='bbox 577 3390 719 3422; x_wconf 80' lang='lat' dir='ltr'>mones</span> <span class='ocrx_word' id='word_1_247' title='bbox 741 3381 846 3426; x_wconf 79' lang='lat' dir='ltr'><strong><em>Eaec.</em></strong></span> <span class='ocrx_word' id='word_1_248' title='bbox 873 3381 998 3429; x_wconf 66' lang='lat' dir='ltr'>Par„</span> <span class='ocrx_word' id='word_1_249' title='bbox 1026 3391 1166 3423; x_wconf 80' lang='lat' dir='ltr'>mones</span> <span class='ocrx_word' id='word_1_250' title='bbox 1196 3390 1362 3430; x_wconf 81' lang='lat' dir='ltr'>prodest</span> <span class='ocrx_word' id='word_1_251' title='bbox 1393 3381 1609 3434; x_wconf 82' lang='lat' dir='ltr'>Ambr.V;</span> <span class='ocrx_word' id='word_1_252' title='bbox 1637 3380 1678 3422; x_wconf 88' lang='lat' dir='ltr'>la</span> <span class='ocrx_word' id='word_1_253' title='bbox 1708 3379 1899 3421; x_wconf 69' lang='lat' dir='ltr'>decision</span> <span class='ocrx_word' id='word_1_254' title='bbox 1931 3383 2041 3421; x_wconf 85' lang='lat' dir='ltr'>reste</span> 
     </span>
     <span class='ocr_line' id='line_1_34' title="bbox 256 3443 2037 3505; baseline 0 -18"><span class='ocrx_word' id='word_1_255' title='bbox 256 3443 489 3500; x_wconf 85' lang='lat' dir='ltr'>douteuse3</span> <span class='ocrx_word' id='word_1_256' title='bbox 506 3445 548 3489; x_wconf 88' lang='grc'><strong>13</strong></span> <span class='ocrx_word' id='word_1_257' title='bbox 562 3446 683 3504; x_wconf 86' lang='lat' dir='ltr'>place</span> <span class='ocrx_word' id='word_1_258' title='bbox 697 3446 750 3489; x_wconf 89' lang='lat' dir='ltr'>de</span> <span class='ocrx_word' id='word_1_259' title='bbox 761 3456 927 3496; x_wconf 80' lang='lat' dir='ltr'>prodest</span> <span class='ocrx_word' id='word_1_260' title='bbox 939 3449 962 3489; x_wconf 73' lang='grc'><strong>3</strong></span> <span class='ocrx_word' id='word_1_261' title='bbox 974 3447 1015 3489; x_wconf 88' lang='grc'><strong>13</strong></span> <span class='ocrx_word' id='word_1_262' title='bbox 1028 3447 1376 3505; x_wconf 63' lang='lat' dir='ltr'>penthemimere</span> <span class='ocrx_word' id='word_1_263' title='bbox 1387 3452 1492 3504; x_wconf 88' lang='lat' dir='ltr'>peut</span> <span class='ocrx_word' id='word_1_264' title='bbox 1506 3462 1548 3488; x_wconf 88' lang='lat' dir='ltr'>se</span> <span class='ocrx_word' id='word_1_265' title='bbox 1557 3446 1748 3504; x_wconf 85' lang='lat' dir='ltr'>justifier</span> <span class='ocrx_word' id='word_1_266' title='bbox 1759 3445 2037 3504; x_wconf 85' lang='lat' dir='ltr'>parl&#39;impor-</span> 
     </span>
    </p>
   </div>
  </div>
 </body>
</html>
