2384 4062
1031 398 1304 432 LYGDAMUS
1959 385 2025 436 23
2039 402 2058 435 1

276 509 390 562 Nec
426 527 527 560 nos
562 507 789 559 insanae
825 504 1154 558 meditantes
1189 504 1373 578 iurgia
1408 504 1610 556 mentis

427 596 605 668 Impia
638 596 695 648 in
730 595 999 648 aduersos
1037 593 1307 646 soluimus
1344 612 1441 645 ora
1475 593 1609 646 deos

265 687 346 738 ‘Et
378 685 630 738 nond-um
665 684 787 737 cani
814 680 1016 758 ⁴nigros
1049 683 1264 735 laesere
1300 682 1534 753 capillos
2002 705 2061 739 10

425 776 539 828 Nec
571 774 727 826 uenit
760 773 921 826 tardo
958 791 1129 824 curua
1164 781 1390 823 senecta
1423 771 1601 842 pede:

275 863 526 918 Natalem
562 862 744 936 primo
779 873 1034 916 nostrum
1070 861 1263 913 uidere
1299 871 1584 932 parentes,

427 953 566 1006 Cum
602 952 806 1023 cecidit
840 950 952 1004 fato
989 950 1184 1002 consul
1219 961 1456 1021 uterque
1492 949 1633 1021 pari.

281 1041 430 1108 Quid
463 1040 721 1094 fraudare
756 1041 912 1093 iuuat
944 1039 1117 1092 uitem
1154 1039 1540 1091 crescentibus
1575 1038 1698 1090 uuis

425 1132 496 1183 Et
530 1131 694 1183 modo
731 1141 859 1183 nata
893 1129 1037 1182 mala
1070 1128 1283 1181 uellere
1319 1148 1484 1200 poma
1520 1147 1687 1180 manu
1717 1129 1740 1179 ⁶?
1998 1147 2064 1182 20

276 1220 516 1282 Parcite,
554 1219 830 1292 pallentes
867 1218 1042 1271 undas
1079 1218 1426 1291 quicumque¹
1455 1217 1662 1269 tenetis

423 1310 687 1382 Duraque
723 1308 909 1361 sortiti
941 1307 1110 1360 tertia
1145 1327 1319 1382 regna
1353 1307 1478 1370 dei3

275 1398 494 1470 Elysios
530 1398 663 1450 olim
697 1398 864 1450 liceat
898 1417 1241 1472 cognoscere
1277 1416 1503 1468 campos

422 1482 844 1559 Lethaeamque
873 1498 1049 1540 ratem
1086 1486 1535 1558 Cimmeriosque
1571 1486 1745 1548 lacus,

275 1578 414 1630 Cum
450 1596 567 1629 mea
606 1597 810 1652 rugosa
843 1576 1137 1648 pallebunt
1171 1596 1267 1628 ora
1302 1586 1526 1628 senecta
1995 1594 2061 1628 20

423 1668 496 1719 Et
528 1665 767 1719 referam
802 1666 993 1738 pueris
1027 1676 1284 1737 tempora
1319 1665 1504 1737 prisca
1540 1684 1728 1717 senex.

277 1755 460 1828 Atque
494 1755 705 1828 utinam
740 1775 884 1808 uano
920 1755 1261 1827 nequiquam
1295 1765 1512 1807 terrear
1547 1754 1735 1806 aestu!

422 1846 716 1919 Languent
750 1856 836 1897 ter
871 1844 1073 1917 quinos
1109 1844 1208 1896 sed
1244 1863 1365 1895 mea
1398 1844 1650 1896 membra
1685 1843 1824 1895 dies.

272 1934 345 1987 At
380 1933 539 1986 uobis
574 1935 785 1985 Tuscae
822 1933 1181 1985 celebrantur
1215 1932 1445 1984 numina
1478 1932 1739 2004 lymphae

421 2024 494 2074 Et
522 2021 701 2074 facilis
736 2021 887 2074 lenta
921 2021 1150 2093 pellitur
1184 2021 1333 2073 unda
1366 2041 1567 2084 manu3
1990 2023 2060 2074 30

274 2102 471 2167 Viuite*
494 2110 686 2163 felices
722 2131 999 2163 memores
1035 2122 1090 2163 et
1123 2110 1297 2163 uiuite
1331 2110 1533 2172 nostri,

425 2200 556 2254 Siue
591 2201 820 2264 erimus,
862 2220 958 2252 seu
994 2220 1094 2252 nos
1130 2199 1242 2252 fata
1276 2198 1446 2252 fuisse
1482 2200 1694 2264 uelint;

270 2381 391 2427 Par„
432 2377 743 2435 interpolation
782 2393 894 2435 pour
932 2377 1105 2420 obtenir
1142 2393 1230 2419 une
1271 2378 1461 2419 maxime
1487 2379 1702 2435 generale.
1740 2406 1800 2411 —
1824 2379 1896 2425 13.
1931 2389 2059 2422 medi-

268 2458 400 2488 tames
424 2445 480 2497 (ζ’,
509 2454 740 2487 meditantis
761 2446 903 2488 Ambr.
920 2446 969 2494 V,
996 2446 1214 2502 peut-etre
1240 2444 1396 2502 simple
1417 2445 1648 2488 confusion
1668 2445 1722 2487 de
1760 2446 1814 2488 l’e
1847 2452 1890 2489 et
1917 2447 1970 2488 de
1993 2447 2054 2488 l’i.
2125 2492 2127 2494 v

947 2572 1107 2617 15-16.
1135 2573 1239 2614 E'oec.
1265 2573 1368 2616 Par.

305 2674 397 2721 15.
442 2685 492 2718 Et
535 2685 713 2717 nondum
751 2685 842 2718 cam·
884 2676 1028 2718 Ambr.
1044 2678 1089 2723 V,
1140 2685 1241 2725 Sepe
1278 2685 1437 2724 quidem
1475 2685 1562 2718 cani
1587 2677 1692 2718 Eaec.
1731 2678 1855 2726 Par„
1901 2671 2041 2720 inter-

266 2742 459 2800 polation
483 2741 668 2784 absurde
695 2757 807 2800 pour
844 2742 1013 2784 donner
1052 2758 1108 2784 au
1142 2758 1238 2784 vers
1273 2758 1335 2784 un
1372 2757 1468 2784 sens
1506 2744 1694 2800 general.
1730 2769 1788 2776 —
1821 2744 1892 2789 16.
1938 2755 2051 2787 tardo

268 2810 411 2852 Ambr.
426 2811 475 2858 V,
505 2817 624 2851 tacito
648 2811 752 2851 Eme.
782 2811 886 2852 Par.
914 2826 923 2862 ;
949 2810 989 2851 la
1010 2809 1135 2861 lecon
1167 2809 1242 2850 des
1282 2811 1386 2851 Eoec.
1430 2811 1533 2851 Par,
1570 2816 1634 2851 est
1664 2825 1759 2851 sans
1800 2811 1931 2852 doute
1966 2826 2052 2860 une

266 2876 577 2933 interpolation
599 2875 766 2933 d’apres
793 2875 932 2918 Ovide
957 2878 1011 2918 A.
1039 2893 1078 2918 a.
1119 2876 1177 2928 II,
1206 2876 1308 2934 670.
1336 2902 1395 2907 —
1428 2876 1501 2921 18.
1530 2885 1613 2919 tato
1653 2878 1815 2925 Ambr.‚
1856 2886 1962 2919 facto
2003 2880 2047 2925 V,

265 2941 306 2984 le
329 2943 492 3000 copiste
521 2958 545 2984 a
568 2943 676 2984 ecrit
708 2959 755 2985 ce
780 2942 890 3000 qu'il
925 2943 1090 3000 croyait
1121 2944 1397 2985 reconnaitre
1422 2949 1465 2984 et
1498 2959 1587 2985 non
1608 2959 1655 2985 ce
1678 2944 1786 3001 qu’il
1811 2944 1924 2986 avait
1955 2960 2052 2987 sous

264 3008 327 3050 les
350 3024 478 3066 yeux.
625 3057 628 3060 ‚
730 3065 734 3068 ι

695 3075 847 3121 19-20.
871 3078 975 3118 Eoec.
1007 3078 1117 3119 Fris.
1143 3078 1247 3118 E'aec..
1275 3078 1378 3118 Par.
1403 3133 1406 3135 Α

322 3178 394 3223 22.
429 3188 617 3227 Duraque
642 3180 784 3221 Ambr.
800 3182 846 3227 V,
881 3188 1049 3228 diraque
1075 3180 1318 3229 Housman,
1344 3163 1591 3236 conjecture
1616 3174 1875 3222 seduisante.
1899 3206 1951 3213 —
1974 3182 2046 3226 27.

262 3261 338 3287 nec
362 3254 573 3294 quicquam
607 3247 750 3289 Ambr.
766 3247 813 3288 V.
849 3272 903 3276 —
931 3246 1004 3291 29.
1032 3255 1084 3287 At
1109 3256 1222 3288 uobis
1267 3247 1331 3293 ΓΞ,
1362 3255 1493 3294 Atque
1527 3247 1624 3302 (que
1656 3263 1710 3288 en
1735 3247 1912 3304 abrege)
1935 3257 2051 3290 nobis

185 3348 187 3350 ,
262 3311 468 3354 Ambr.V¹
502 3313 672 3368 trompe
698 3327 774 3369 par
800 3312 841 3354 le
864 3312 999 3354 debut
1034 3313 1094 3353 du
1125 3328 1220 3354 vers
1256 3313 1312 3357 27
1335 3329 1344 3365 3
1390 3314 1618 3354 confusion
1650 3328 1704 3354 en
1736 3320 1861 3356 outre
1885 3315 1937 3355 de
1962 3331 1986 3356 ιι
2009 3321 2052 3356 et

261 3377 314 3420 de
339 3393 379 3419 n.
411 3404 461 3409 —
491 3387 643 3427 flmphe
667 3380 834 3426 Ambra,
872 3389 1026 3430 ninphe
1063 3381 1111 3421 V1
1140 3380 1308 3436 corrige
1348 3394 1403 3420 en
1441 3389 1580 3428 Iinphe
1603 3395 1681 3436 par
1715 3379 1789 3422 V2.
1816 3407 1875 3412 —
1905 3381 1978 3426 31.
2013 3394 2051 3423 et

260 3445 403 3488 Ambr.
436 3446 481 3492 V,
511 3454 581 3487 sed
609 3446 665 3497 η’,
690 3447 940 3504 conjecturo
963 3446 1224 3487 scduisante.
