2384 4062
394 364 412 397 1
425 345 493 414 98
1165 364 1376 397 TIBULLE

529 471 600 522 Et
633 469 886 522 manibus
921 470 1075 542 puris
1111 469 1310 521 sumite
1345 468 1514 521 fontis
1549 488 1766 540 aquam.

377 557 622 620 Gemite,
661 556 938 631 fulgentes
973 568 1033 609 ut
1066 568 1152 609 eat
1186 576 1341 609 sacer
1375 576 1550 630 agnus
1589 555 1656 607 ad
1687 574 1812 607 aras

524 646 830 717 Vinctaque
864 656 990 717 post
1024 646 1145 697 olea
1179 645 1414 696 candida
1448 645 1612 696 turba
1646 663 1850 695 comas.

377 733 446 784 Di
480 733 665 804 patrii,
703 753 1005 807 purgamus
1043 753 1227 807 agros,
1266 752 1569 806 purgamus
1605 741 1890 805 agreste53

525 822 634 875 Vos
670 821 811 873 mala
845 821 912 873 de
948 822 1157 873 nostris
1193 821 1384 892 pellite
1420 819 1692 871 limitibus

376 910 494 961 Neu
528 929 688 982 sege-s
725 909 914 961 eludat
947 929 1183 960 messem
1220 908 1508 960 fallacibus
1542 907 1733 959 herbis

523 998 640 1050 Neu
675 997 869 1048 timeat
903 998 1113 1048 celeres
1149 996 1362 1048 tardior
1396 1016 1537 1069 agna
1571 996 1753 1067 lupos.
2077 1012 2147 1050 20

377 1086 531 1136 Tunc
567 1084 775 1136 nitidus
810 1085 989 1156 plenis
1025 1084 1263 1136 confisus
1299 1084 1539 1136 rusticus
1575 1083 1724 1157 agris

525 1174 750 1247 Ingeret
784 1173 1002 1225 ardenti
1037 1172 1268 1245 grandia
1302 1173 1453 1245 ligna
1488 1171 1610 1224 foco

375 1261 671 1331 Turbaque
706 1281 1022 1322 uernarum,
1062 1261 1234 1312 saturi
1268 1262 1414 1313 bona
1447 1260 1607 1334 signa
1641 1260 1845 1323 coloni,

522 1349 700 1400 Ludet
733 1359 788 1400 et
821 1368 886 1400 ex
915 1348 1090 1422 uirgis
1127 1359 1374 1400 exstruet
1408 1360 1534 1400 ante
1569 1368 1741 1401 casas.

385 1437 667 1488 Euentura
700 1455 934 1507 precor:
974 1436 1142 1488 uiden
1176 1447 1236 1488 ut
1266 1435 1521 1488 felicibus
1557 1436 1697 1489 extis
2079 1438 2146 1491 25

528 1524 817 1598 Significet
850 1524 1100 1596 placidos
1135 1525 1326 1576 nuntia
1362 1524 1501 1577 fibra
1534 1525 1711 1577 deos?

374 1613 531 1664 Nunc
567 1612 701 1663 mihi
736 1611 983 1664 fumosos
1018 1612 1224 1664 ueteris
1266 1612 1514 1685 proferte
1549 1613 1816 1666 Falernos

527 1700 783 1752 Consulis
819 1712 874 1752 et
908 1701 1045 1754 Chio
1082 1702 1283 1753 soluite
1318 1701 1502 1754 uincla
1536 1702 1706 1765 cado;

378 1788 517 1842 Vina
551 1788 696 1840 diem
731 1789 1017 1841 celebrent
1048 1823 1120 1828 —
1154 1810 1264 1841 non
1300 1789 1440 1842 festa
1471 1790 1593 1842 luce
1629 1790 1852 1842 madere

522 1878 622 1928 Est
655 1878 826 1929 rubor
861 1889 1110 1930 errantes
1147 1889 1201 1930 et
1235 1878 1376 1930 male
1411 1877 1558 1930 serre
1593 1878 1765 1950 pedes
1797 1911 1890 1941 —,
2078 1879 2149 1932 30

386 1964 496 2017 Sed
539 1987 563 2014 «
601 1966 742 2017 bene
774 1967 1091 2018 Messallam
1130 1988 1154 2017 ³)
1194 1987 1290 2019 sua
1325 1967 1558 2039 quisque
1596 1967 1663 2019 ad
1697 1967 1897 2038 pocula
1929 1966 2078 2020 dicat
2123 2012 2126 2015 .

524 2054 735 2106 Nomen
773 2065 827 2105 et
862 2055 1107 2107 absentis
1144 2055 1363 2129 singula
1397 2056 1570 2108 uerba
1604 2066 1837 2119 sonent;

383 2141 580 2193 Gentis
613 2141 920 2213 Aquitanae
958 2144 1181 2196 celeber
1212 2145 1474 2196 Messalla
1506 2144 1805 2216 triumphis

525 2231 596 2281 Et
629 2250 830 2304 magna
863 2231 1101 2284 intonsis
1139 2233 1315 2307 gloria
1350 2233 1530 2285 uictor
1563 2237 1702 2296 auis,

376 2411 433 2464 V,
470 2413 580 2470 1198
606 2429 718 2471 sqq.‚
747 2415 854 2457 mais
874 2415 949 2472 qui
972 2421 1034 2456 est
1064 2415 1516 2459 vraiscmblablement
1547 2416 1848 2474 d’inspiration
1880 2416 2146 2459 chretienne.

376 2504 434 2511 -—
466 2479 537 2524 22.
563 2489 727 2530 Ingeret
746 2482 905 2528 Ambr.‚
932 2491 1096 2531 Inqerat
1128 2483 1172 2530 V,
1199 2482 1415 2525 influcnce
1435 2498 1512 2540 par
1530 2483 1592 2525 les
1606 2483 1862 2541 suhjonctifs
1880 2482 2148 2540 precedente,

381 2545 490 2586 mais
513 2546 588 2602 qui
609 2546 678 2588 n'a
701 2562 774 2603 pas
805 2548 980 2603 persiste
1006 2547 1109 2589 dans
1134 2564 1210 2589 son
1231 2564 1396 2601 erreur,
1421 2550 1651 2606 puisqu’au
1670 2565 1765 2591 vers
1785 2549 1843 2594 24
1866 2549 1898 2591 il
1922 2549 2008 2591 alu
2029 2556 2149 2591 ludet.

377 2636 434 2643 —
453 2619 563 2661 quna
585 2613 751 2670 corrige
776 2613 828 2654 de
847 2622 983 2662 1in9ua
1005 2613 1248 2671 (Postgate)
1266 2615 1409 2658 Ambr.
1432 2641 1491 2647 —-—
1510 2615 1584 2661 23.
1611 2624 1727 2658 satiri
1746 2617 1910 2668 Ambr.,
1935 2623 2064 2666 satyri
2086 2615 2147 2668 V;

376 2677 409 2718 il
442 2682 505 2718 est
526 2677 711 2734 possible
733 2695 817 2735 que
842 2681 985 2721 Ambr.
1010 2681 1260 2737 reproduise
1281 2682 1321 2722 la
1347 2683 1526 2739 graphie
1556 2682 1609 2724 de
1635 2681 1885 2739 l'original;
1921 2682 1957 2724 V
1977 2696 2032 2723 en
2055 2685 2151 2724 tout

379 2758 451 2785 cas
475 2743 687 2801 interpole
703 2760 780 2802 par
797 2745 1138 2802 inintelligence.
1164 2772 1220 2778 —
1250 2747 1322 2792 24.
1354 2764 1405 2789 ex
1425 2754 1488 2789 est
1507 2749 1626 2805 passe
1642 2764 1720 2806 par
1747 2749 1815 2796 Vl,
1838 2748 1957 2791 faute
1984 2745 2152 2789 d'inad-

378 2815 577 2851 vertance
601 2813 625 2852 a
651 2826 775 2852 cause
799 2811 851 2852 de
876 2824 914 2853 et
936 2812 1009 2868 qui
1032 2813 1227 2869 precede.
1250 2839 1309 2844 —
1342 2814 1415 2859 25.
1440 2823 1623 2856 felicibus
1645 2815 1789 2856 Ambr.
1820 2815 1874 2858 V2
1897 2829 1953 2855 en
1983 2826 2148 2871 margo,

377 2885 588 2925 ce1estibus
621 2878 686 2925 V1‚
717 2878 791 2934 qui
818 2877 923 2919 dans
946 2884 1042 2920 tout
1058 2894 1104 2920 ce
1128 2894 1302 2936 passage
1327 2886 1390 2922 est
1408 2881 1806 2937 particulierement
1836 2879 2042 2934 infidele3
2083 2878 2152 2921 in·
2207 2879 2209 2882 ’

378 2941 635 2998 terpolation
659 2942 995 2999 inintelligente.

1056 3068 1216 3115 29-30.
1239 3071 1343 3112 Exc.
1368 3072 1470 3112 Par.

443 3175 514 3220 29.
543 3186 745 3219 ce1ebrent
767 3193 846 3219 non
869 3179 1009 3220 Ambr.
1026 3181 1071 3226 V,
1097 3189 1300 3221 celebrant
1320 3196 1394 3222 nec
1427 3182 1533 3222 Eoec.
1558 3182 1662 3223 Par.
1685 3197 1695 3234 3
1722 3181 1972 3236 l'eaecerptor
1995 3194 2020 3223 a
2037 3193 2153 3223 rem-

382 3242 500 3298 place
526 3242 564 3283 le
590 3242 828 3300 subjonctif
846 3260 923 3301 par
944 3245 1180 3286 l'indicatif
1201 3261 1310 3302 pour
1330 3248 1612 3288 transformer
1631 3247 1671 3289 la
1702 3246 1988 3305 prescription
2020 3245 2153 3303 parti·—

382 3308 543 3349 culiero
568 3324 620 3349 en
652 3325 738 3349 une
770 3325 997 3367 remarquc
1023 3311 1235 3367 gencrale,
1266 3313 1363 3369 puis
1388 3314 1551 3370 change
1586 3330 1665 3355 non
1698 3329 1753 3354 en
1786 3329 1860 3355 nec
1891 3328 2002 3370 pour
2023 3311 2154 3355 relier

382 3373 444 3414 les
491 3373 602 3415 deux
645 3375 875 3417 membres.
920 3402 974 3409 --
1018 3377 1090 3422 34.
1142 3386 1229 3419 auis
1276 3379 1315 3424 Τ
1357 3379 1542 3436 (d’apres
1583 3378 1757 3435 Hiller),
1810 3378 2015 3436 Scaliger,
2059 3386 2154 3421 ades
