2384 4062
903 438 1120 473 TIBULLE
1796 425 1902 479 253

207 595 212 602 .
260 549 398 601 Nam
433 546 606 619 pudet
638 547 775 598 haec
813 546 973 598 illum
1008 545 1195 597 dicere
1230 547 1403 598 uerba
1437 548 1655 618 pala1n;

70 647 75 651 ’
115 635 188 690 At
219 647 300 699 tu,
337 635 569 699 Natalis,
607 635 869 707 quoniam
905 635 1041 687 deus
1077 635 1262 686 omnia
1297 636 1493 698 sentis,

266 725 500 778 Adnue:
539 724 673 797 quid
708 723 901 786 refert,
940 723 1155 775 clamne
1191 724 1446 795 palamne
1484 737 1644 799 roget
1674 727 1695 777 Ῥ
1830 746 1901 780 20

815 1036 916 1087 XII
936 1059 1006 1083 z
1024 1039 1091 1089 IV
1125 1036 1196 1090 VI

117 1259 327 1313 Natalis
361 1260 518 1322 Iuno,
557 1268 777 1310 sanctos
811 1277 944 1329 cape
980 1257 1120 1310 turis
1155 1277 1408 1321 aceruos,

267 1349 418 1414 Quos
452 1347 556 1400 tibi
591 1347 686 1400 dat
717 1358 911 1399 tenera
945 1347 1108 1399 docta
1142 1347 1328 1419 puella
1362 1367 1526 1399 manu
1555 1367 1565 1410 ;

116 1438 252 1490 Tota
288 1437 392 1489 tibi
425 1447 510 1489 est
540 1436 730 1499 hodie,
768 1436 871 1489 tibi
907 1456 965 1488 se
1000 1436 1306 1488 laetissima
1340 1436 1600 1508 compsit,

76 1517 83 1524 ⁸
270 1528 454 1580 Staret
486 1537 548 1578 ut
580 1536 707 1578 ante
742 1537 867 1578 tuos
903 1526 1301 1597 conspicienda
1334 1524 1510 1578 focos.

114 1615 216 1668 Illa
250 1615 476 1687 quidem
510 1614 746 1667 ornandi
781 1635 973 1667 causas
1007 1615 1132 1678 tibi,
1164 1615 1314 1678 diua,
1354 1615 1570 1689 relegat
1600 1635 1610 1678 3
1868 1618 1905 1669 5·

263 1706 364 1756 Est
395 1715 603 1767 tamen,
642 1704 857 1756 occulte
893 1704 980 1756 cui
1015 1704 1292 1776 placuisse
1327 1704 1484 1756 uelit.

115 1792 187 1846 At
218 1803 298 1856 tu,
337 1804 547 1868 sancta,
581 1792 726 1856 saue,
765 1813 873 1845 neu
908 1793 1032 1864 quis
1068 1793 1302 1845 diuellat
1336 1804 1604 1855 amantes,

269 1883 381 1936 Sed
413 1882 624 1944 iuueni,
663 1902 891 1954 quaeso,
931 1893 1121 1935 mutua
1155 1882 1342 1935 uincla
1376 1902 1543 1954 para:

120 1972 211 2025 Sic
244 1973 387 2025 bene
423 1992 762 2044 compones:
801 1972 947 2024 ullae
982 1992 1094 2023 non
1128 1972 1223 2024 ille
1259 1972 1478 2043 puellae

269 2061 493 2114 Seruire
529 2071 621 2113 aut
654 2061 909 2134 cuiquam
945 2061 1171 2135 dignior
1204 2060 1301 2113 illa
1334 2060 1456 2113 uiro
1486 2081 1496 2124 ;
1835 2080 1900 2114 IO

112 2151 226 2204 Nec
259 2150 439 2222 possit
471 2142 705 2222 cupidos
739 2150 980 2225 uigilans
1016 2150 1366 2222 deprendere
1403 2161 1591 2203 custos

262 2239 628 2310 Fallendique
664 2239 781 2291 uias
818 2239 970 2291 mille
1006 2239 1289 2291 ministret
1321 2238 1512 2290 Amor.

111 2327 309 2380 Adnue
344 2347 734 2400 purpureaque
764 2328 895 2381 ueni
929 2328 1218 2400 perlucida
1252 2328 1435 2400 palla:

261 2418 370 2470 Ter
403 2416 506 2469 tibi
535 2416 619 2490 fit
650 2417 787 2480 libo,
817 2429 923 2480 ter,
963 2417 1067 2470 dea
1100 2428 1270 2481 casta,
1311 2437 1500 2480 mero;

111 2505 392 2578 Praecipit
426 2517 480 2559 et
512 2517 672 2558 natae
708 2518 886 2559 mater
921 2506 1192 2569 studiosa,
1231 2505 1382 2578 quod
1416 2516 1571 2578 optat
1599 2526 1608 2569 ;
1829 2525 1895 2558 lo

109 2754 167 2762 —-
191 2729 264 2775 18.
291 2738 392 2772 haec
415 2730 466 2776 G,
492 2738 559 2772 lu'c
579 2730 787 2774 Ambr.V¹
807 2730 933 2786 (dans
959 2731 994 2772 V
1011 2746 1032 2772 e
1058 2731 1165 2772 ecrit
1190 2730 1413 2772 au-dessus
1444 2745 1521 2787 par
1553 2730 1641 2784 ΥΞ),
1666 2729 1892 2770 confusion

107 2795 162 2838 de
182 2796 253 2837 hec
276 2801 319 2838 et
338 2796 391 2838 de
409 2797 486 2838 hic.
505 2822 559 2829 —
577 2796 650 2842 20.
679 2806 834 2839 clamne
849 2807 1038 2846 palamne
1065 2798 1121 2850 ΕΤ,
1139 2807 1292 2839 clamne
1311 2807 1498 2846 palamne
1514 2797 1658 2838 Ambr.
1673 2798 1707 2838 V
1721 2796 1776 2851 (A
1786 2796 1889 2837 mbr.

110 2871 212 2904 clam
234 2879 283 2904 ue
304 2873 438 2912 pa1am
460 2879 509 2905 ue
533 2862 700 2921 d'apres
725 2863 907 2920 Hssler),
932 2864 1162 2906 confusion
1183 2864 1237 2906 de
1263 2879 1309 2905 ue
1332 2869 1374 2906 et
1398 2863 1451 2904 de
1472 2878 1537 2904 ne.

172 3019 261 3064 111.
289 3017 375 3061 XII
395 3019 475 3076 (ε
488 3019 567 3065 IV.
605 3019 703 3077 VI),
726 3021 770 3065 5.
800 3029 972 3062 ornandi
995 3022 1051 3073 (ζ’,
1091 3029 1234 3063 orandi
1267 3021 1410 3062 Ambr.
1425 3020 1472 3067 V,
1512 3018 1741 3060 confusion
1774 3023 1897 3060 entre

54 3094 58 3097 ’
110 3084 226 3128 deux
249 3092 362 3128 mots
386 3085 439 3128 de
463 3086 604 3128 forme
627 3087 811 3139 voisine,
836 3103 931 3129 sans
952 3087 1083 3129 doute
1104 3087 1350 3129 inssuencee
1373 3102 1451 3143 par
1470 3101 1558 3127 une
1586 3085 1801 3126 mauvaise
1826 3084 1896 3125 in-

110 3151 342 3209 telligence
365 3151 426 3194 du
448 3158 590 3206 texte3
614 3153 647 3195 il
667 3154 793 3211 s’agit
813 3154 866 3195 de
898 3154 1063 3210 prietes
1095 3154 1201 3196 dans
1236 3159 1356 3195 toute
1391 3153 1432 3196 la
1464 3152 1600 3209 picce.
1642 3176 1695 3183 —
1737 3151 1779 3196 7.
1816 3167 1894 3192 neu

109 3227 200 3268 quis
213 3220 264 3267 F,
299 3235 352 3261 ne
374 3235 449 3261 nos
478 3220 622 3262 Ambr.
636 3223 682 3268 V,
723 3220 1033 3277 interpolation
1066 3221 1143 3278 qui
1178 3236 1231 3262 ne
1256 3220 1400 3261 donne
1436 3234 1578 3261 aucun
1610 3233 1705 3259 sens
1731 3222 1772 3259 et
1795 3232 1895 3273 pro-

109 3285 231 3327 vient
251 3285 468 3342 peut-&tre
489 3285 542 3328 de
567 3301 614 3329 ce
634 3302 719 3343 que
743 3287 804 3328 les
827 3293 938 3329 mots
958 3287 1119 3329 etaient
1142 3302 1227 3344 peu
1239 3285 1418 3327 lisibles.
1458 3311 1517 3316 —-—
1542 3284 1613 3329 10.
1642 3293 1825 3333 cuiquam
1856 3284 1896 3329 T

113 3352 273 3400 Plana,
307 3361 462 3394 cuidam
487 3354 630 3396 Ambr.
645 3355 692 3400 V,
728 3354 957 3395 confusion
989 3354 1043 3395 de
1075 3354 1188 3396 deux
1214 3358 1326 3394 mots
1358 3352 1410 3394 de
1447 3352 1586 3393 forme
1620 3350 1801 3392 voisine.
1838 3375 1897 3381 —

110 3417 184 3463 13.
221 3434 309 3467 que,
335 3419 544 3480 omis-par
567 3420 771 3466 Ambr.V,
802 3435 898 3462 sans
930 3419 1061 3462 doute
1100 3419 1412 3476 haplographie
1448 3420 1471 3459 a
1503 3432 1627 3459 cause
1659 3416 1712 3458 de
1746 3432 1794 3457 ue
1818 3416 1895 3472 qui

107 3484 208 3526 suit.
231 3510 288 3517 —
313 3484 384 3530 14.
412 3494 461 3527 tit
484 3486 540 3539 Τ,
563 3494 622 3528 sic
646 3487 789 3529 Ambr.
805 3489 850 3535 V,
890 3487 1119 3528 confusion
1150 3486 1202 3527 de
1229 3485 1265 3541 f
1281 3491 1324 3527 et
1345 3484 1397 3526 de
1418 3486 1462 3541 s,
1499 3483 1552 3526 de
1577 3491 1590 3525 t
1614 3488 1655 3525 et
1687 3482 1739 3524 de
1764 3497 1796 3530 c,
1828 3482 1901 3522 in-
