2384 4062
381 381 400 415 1
414 364 482 417 58
1148 383 1360 417 TIBULLE

514 488 809 553 Qualibet:
847 488 1079 541 insidias
1115 509 1226 540 non
1260 488 1512 540 timuisse
1548 488 1708 541 decet
1740 509 1849 554 —·;

361 576 484 629 Non
518 576 653 628 mihi
687 577 847 651 pigra
882 588 1084 629 nocent
1116 577 1382 629 hibernae
1418 576 1629 650 frigora
1662 578 1865 641 noctis,

506 666 627 718 Non
661 665 817 728 mihi,
856 686 979 717 cum
1015 665 1187 717 multa
1220 665 1428 717 decidit
1459 666 1640 718 imber
1682 685 1842 737 aqua,
2059 670 2129 724 30
2178 667 2182 670 ’

356 753 478 805 Non
510 753 667 805 labor
700 753 790 805 hic
824 754 1014 815 laedit,
1054 764 1266 805 reseret
1300 754 1462 806 modo
1497 753 1656 805 Delia
1690 765 1880 824 postes

505 843 576 893 Et
609 853 771 894 uocet
805 842 872 894 ad
905 842 1069 916 digiti
1104 861 1188 893 me
1223 842 1498 894 taciturna
1533 862 1751 894 sonum.

358 930 574 982 Parcite
606 930 932 992 luminibus,
964 950 1056 982 seu
1094 930 1181 982 uir
1215 950 1310 982 seu
1345 930 1552 982 femina
1585 930 1681 981 fiat

507 1007 694 1071 Obuia'
717 1052 789 1058 —
821 1018 990 1070 celari
1023 1019 1146 1070 uult
1178 1039 1274 1071 sua
1309 1017 1455 1070 furta
1488 1021 1675 1073 Venus
1710 1051 1802 1081 —--,
2123 1087 2129 1092 ἱ

355 1109 471 1161 Neu
507 1107 743 1179 strepitu
777 1118 984 1159 terrete
1019 1107 1222 1178 pedum
1258 1127 1363 1159 neu
1399 1107 1647 1179 quaerite
1682 1127 1888 1160 nomen
2055 1110 2123 1163 35

498 1198 616 1249 Neu
650 1215 824 1266 prope
860 1194 1097 1269 fulgenti
1130 1195 1341 1248 lumina
1376 1194 1517 1247 ferte
1554 1194 1694 1257 face,

356 1284 542 1357 Siquis
578 1295 632 1336 et
656 1283 983 1355 imprudens
1011 1284 1348 1355 adspexerit,
1389 1284 1606 1336 occulat
1638 1284 1732 1336 ille

497 1375 712 1444 Perque
749 1372 880 1424 deos
916 1392 1107 1424 omnes
1143 1391 1200 1423 se
1237 1372 1554 1424 meminisse
1591 1383 1793 1447 neget:

1537 1480 1699 1512 Uulne
1735 1471 1941 1524 natam,

1535 1503 1567 1534 e

498 1551 548 1602 Is
583 1551 858 1603 Venerem
893 1567 919 1599 e
956 1548 1149 1619 rapido
1186 1548 1389 1600 sentiet
1422 1568 1542 1600 esse
1579 1549 1736 1600 mari.
2051 1550 2120 1610 ΔΟ

349 1463 485 1514 Nam
521 1460 689 1513 fuerit
723 1460 1056 1532 quicumque
1090 1460 1312 1532 loquax,
1350 1460 1396 1512 is
1432 1480 1527 1512 san

350 1641 461 1692 Nec
494 1649 676 1689 tamen
714 1637 842 1688 huic
877 1636 1068 1688 credet
1100 1637 1340 1689 coniunx
1374 1647 1523 1699 tuus,
1560 1648 1621 1688 ut
1656 1637 1792 1689 mihi
1826 1651 2028 1690 uer-ax'

497 1726 808 1779 Pollicitast
842 1725 1054 1777 manico
1091 1745 1222 1799 saga
1256 1725 1598 1788 ministeri03

933 1768 965 1799 τ)

349 1818 500 1868 Hanc
535 1835 637 1889 ego
673 1814 740 1866 de
777 1814 928 1866 caclo
965 1814 1259 1866 ducentem
1293 1814 1476 1866 sidera
1509 1813 1647 1876 uidi,

495 1903 767 1956 Fluminis
802 1903 936 1954 haec
972 1902 1152 1973 rapidi
1187 1902 1429 1954 carmine
1463 1902 1636 1954 uertit
1667 1902 1796 1965 iter,

343 1995 488 2045 Haec
523 2003 686 2044 cantu
721 1991 992 2062 finditque
1028 1991 1206 2042 solum
1241 2010 1541 2062 manesque
1577 1990 1854 2062 sepulcris
2045 1993 2113 2051 [⁸5

490 2081 660 2133 Elicit
694 2090 748 2131 et
780 2079 971 2151 tepido
1006 2079 1242 2131 deuocat
1275 2099 1398 2131 ossa
1432 2098 1604 2153 rogo;

340 2173 452 2223 Iam
486 2179 641 2221 tenet
672 2167 917 2219 infernas
952 2167 1167 2241 magico
1204 2167 1443 2219 stridore
1479 2178 1756 2229 cateruas,

487 2260 600 2310 Iam
634 2257 789 2309 iubet
824 2256 1115 2327 adspersas
1150 2255 1291 2308 lacte
1327 2254 1538 2307 referre
1573 2255 1808 2327 pedem;

339 2347 476 2399 Cum
510 2346 669 2407 libet,
706 2346 841 2397 haec
874 2344 1022 2396 tristi
1057 2344 1291 2415 depellit
1324 2343 1516 2395 nubila
1549 2343 1725 2406 caelo,

486 2435 623 2486 Cum
656 2433 814 2495 libet,
853 2433 1063 2484 aestiuo
1100 2443 1370 2484 conuocat
1403 2433 1537 2484 orbe
1572 2431 1729 2483 niues
1757 2451 1768 2494 ;
2040 2433 2109 2488 50

340 2523 470 2577 Sola
501 2533 692 2574 tenere
728 2522 898 2574 malas
931 2521 1160 2572 Medeae
1197 2520 1401 2572 dicitur
1433 2521 1659 2582 herbas,

486 2611 614 2664 Sola
646 2611 794 2662 feros
828 2611 1064 2662 Hecatae
1100 2609 1484 2681 perdomuisse
1518 2627 1716 2671 canes;

332 2691 478 2754 Haec
512 2699 649 2752 mihi
682 2698 996 2770 composuit
1029 2708 1243 2759 cantUS,
1276 2697 1399 2768 quis
1434 2695 1627 2748 fallere
1662 2715 1892 2767 posses;

715 2881 789 2927 34.
817 2889 946 2923 Ge1ar1·
975 2890 1057 2922 uult
1079 2895 1149 2921 sua
1174 2888 1283 2921 furta
1310 2889 1441 2921 Venus
1463 2880 1569 2920 Eoec.
1595 2879 1706 2921 Fris.

344 3011 348 3013 *
389 2987 460 3033 35.
489 2987 561 3029 Au
592 2985 724 3027 debut
759 2985 818 3026 du
848 2999 942 3026 vers
974 2993 1059 3025 Neu
1099 2985 1144 3030 V,
1171 2981 1239 3039 sNe
1262 2982 1409 3026 Ambr.
1433 2998 1443 3036 5
1486 2983 1527 3023 le
1556 2980 1693 3023 scribe
1717 2981 1786 3023 n'a
1808 2997 1883 3039 pas
1914 2981 2106 3040 compris

323 3055 364 3097 la
379 3054 532 3096 liaison
554 3061 750 3102 parcite...
777 3067 896 3092 neu...
921 3062 1082 3096 terrete,
1105 3050 1161 3091 cf.
1189 3065 1230 3091 v.
1260 3063 1285 3105 9
1309 3063 1371 3105 sq.
1396 3065 1404 3088 :
1433 3061 1613 3097 pateas...
1640 3064 1758 3090 neu...
1781 3064 1911 3091 sones.

1007 3174 1154 3220 39440.
1188 3175 1293 3216 Eaec.
1321 3174 1433 3216 Fris.

378 3282 451 3327 40.
478 3290 620 3330 rapido
638 3282 741 3322 Eaec.
760 3279 870 3320 Fris.
893 3277 1035 3320 Ambr.
1056 3279 1102 3323 V,
1131 3285 1272 3318 rabido
1292 3277 1346 3327 Τ,
1363 3275 1506 3331 quine
1527 3274 1619 3317 doit
1635 3290 1708 3333 pas
1721 3275 1936 3333 prevaloir
1951 3282 2102 3319 contre

319 3349 506 3391 l’accord
526 3348 578 3389 de
594 3361 672 3388 nos
689 3347 801 3387 deux
820 3359 990 3387 sources
1012 3370 1067 3375 —
1080 3343 1224 3385 sentiet
1240 3344 1344 3385 Eoec.
1362 3345 1471 3383 Fris.
1489 3342 1632 3384 Ambr.
1647 3345 1692 3390 V,
1711 3351 1857 3384 sentiat
1878 3343 1933 3395 (ἶ,
1958 3342 2103 3385 meme

315 3431 398 3458 cas.
433 3440 481 3449 —
507 3414 579 3459 52.
605 3420 869 3463 perdonuisse
890 3411 1054 3459 Ambr.,
1079 3410 1196 3451 faute
1223 3408 1589 3450 d'inadvertance.
1618 3432 1675 3440 —-
1697 3407 1934 3458 53.H‹a)ee
1953 3409 2101 3454 Ambra
