2384 4062
827 403 830 406 ’
850 430 910 462 LE
951 417 1299 464 PANJTJGYRISTE
1856 430 1882 464 2
1894 412 1919 470 l,
1930 413 1960 464 5

180 540 334 606 Quas
369 538 568 594 similis
603 537 893 609 utriusque
929 548 1125 589 tenens
1161 536 1368 588 uicinia
1401 535 1540 587 caeli

179 630 483 701 Temperat
516 627 657 679 alter
691 637 746 678 et
779 625 1008 677 alterius
1042 625 1191 677 uires
1226 636 1387 677 necat
1420 645 1546 688 aer3

177 717 320 771 Hinc
355 717 606 790 placidus
642 714 803 767 nobis
838 734 940 786 per
972 726 1225 786 tempora
1260 714 1499 766 uertitur
1533 733 1730 775 annus,

179 807 320 860 Hinc
355 817 410 859 et
443 806 585 858 colla
618 804 749 879 iugo
785 803 983 856 didicit
1015 803 1345 855 submittere
1381 814 1572 854 taurus
1857 822 1958 874 170

177 897 249 949 Et
281 896 431 948 lenta
465 894 712 947 excelsos
745 893 877 946 uitis
913 893 1292 945 conscendere
1328 912 1510 944 ramos

173 985 576 1057 Tondeturque
612 1003 771 1057 seges
808 993 1053 1034 maturos
1091 1001 1269 1034 annua
1304 993 1496 1053 partus

175 1075 247 1127 Et
280 1073 428 1126 ferro
462 1072 652 1134 tellus,
691 1082 896 1144 pontus
932 1070 1278 1123 confinditur
1311 1090 1473 1133 aere3

173 1162 325 1229 Quin
360 1162 526 1215 etiam
562 1160 787 1213 structis
823 1170 1128 1234 exsurgunt
1160 1160 1367 1231 oppida
1402 1158 1594 1211 muris.

177 1237 351 1326 Ergo,
387 1251 484 1303 ubi
519 1270 619 1323 pet·
651 1250 830 1302 claros
866 1249 1038 1301 ierint
1069 1260 1163 1301 tua
1198 1247 1340 1301 facta
1374 1248 1712 1319 triumphos,
1858 1261 1957 1317 170

179 1341 346 1394 Solus
378 1351 616 1412 utroque
651 1339 801 1391 idem
837 1338 1042 1391 diceris
1077 1358 1311 1413 magnus
1345 1338 1402 1390 in
1438 1338 1593 1390 orbe.

325 1431 446 1483 Non
483 1448 587 1503 ego
622 1449 743 1480 sum
779 1427 911 1480 satis
948 1428 1016 1480 ad
1050 1438 1234 1480 tantae
1270 1427 1568 1499 praeconia
1601 1426 1803 1488 laudis,

176 1521 301 1591 Ipse
337 1518 474 1570 mihi
507 1538 618 1570 non
654 1518 699 1570 si
734 1517 1082 1589 praescribat
1115 1517 1360 1569 carmina
1394 1517 1672 1569 Phoebus.

174 1610 278 1660 Est
309 1589 435 1670 tibi,
473 1607 569 1679 qui
602 1607 782 1679 possit
814 1607 1030 1681 magnis
1067 1627 1124 1659 se
1161 1606 1453 1680 accingere
1490 1606 1678 1667 rebus,

174 1697 440 1772 Valgius:
480 1707 706 1748 aeterno
743 1696 975 1768 propior
1009 1716 1120 1748 non
1155 1696 1295 1747 alter
1330 1697 1590 1747 Homero.
1854 1696 1954 1747 180

171 1786 463 1861 Languida
497 1806 608 1838 non
643 1797 836 1838 noster
871 1786 1093 1859 peragit
1126 1785 1284 1837 labor
1319 1785 1450 1847 otia,
1491 1784 1744 1856 quamuis

172 1877 439 1938 Fortuna,
473 1860 534 1928 ut
568 1895 686 1927 mos
722 1886 807 1927 est
840 1875 943 1936 illi,
976 1895 1062 1926 me
1098 1874 1332 1927 aduersa
1368 1873 1565 1947 fatiget
1595 1894 1605 1925 :

165 1966 307 2019 Nam
343 1965 500 2027 mihi,
540 1985 663 2016 cum
700 1965 916 2038 magnis
952 1964 1153 2036 opibus
1190 1965 1386 2016 domus
1422 1964 1530 2016 alta
1564 1963 1790 2024 niteret,

136 2110 139 2112 ,
168 2053 276 2107 Cui
309 2053 530 2106 fuerant
563 2053 691 2106 flaui
726 2054 968 2105 ditantes
1005 2054 1202 2106 ordine
1231 2053 1370 2105 sulci

168 2144 384 2196 Horrea
416 2139 682 2195 fecundas
717 2142 786 2195 ad
821 2142 1139 2195 deficientia
1172 2143 1370 2194 messis
1850 2146 1947 2196 185

167 2359 303 2402 genoe
343 2343 405 2386 du
435 2349 566 2386 texte.
604 2369 664 2376 —
703 2344 805 2389 167.
841 2353 1048 2394 utriusque
1072 2342 1167 2396 AC,
1203 2352 1361 2393 utrique
1393 2345 1536 2386 Ambr.
1551 2346 1597 2392 V,
1635 2345 1753 2387 faute
1784 2345 1953 2387 d'inad-

166 2415 368 2453 vertance
388 2426 398 2464 ;
427 2423 639 2459 utrumque
678 2420 829 2452 caelum
847 2411 980 2452 :les
1019 2410 1131 2453 deux
1174 2410 1345 2452 climats
1374 2410 1515 2468 (glace
1551 2416 1595 2453 et
1639 2411 1835 2468 brulant)
1874 2411 1951 2468 qui

164 2478 408 2521 avoisinent
427 2493 482 2519 en
507 2492 550 2518 se
570 2477 856 2519 neutralisant
895 2478 1088 2520 chacune
1120 2477 1194 2520 des
1215 2477 1327 2519 deux
1346 2493 1472 2520 zones
1496 2479 1736 2536 temperees
1755 2495 1765 2533 3
1808 2488 1951 2520 simiIis

167 2545 375 2587 accusatis
390 2544 565 2602 pluriel.
591 2569 643 2575 -
661 2544 763 2589 168.
781 2554 883 2586 alter
907 2546 1049 2587 Ambr.
1065 2546 1113 2601 V,
1130 2555 1298 2587 alteram
1323 2547 1376 2597 F,
1396 2545 1513 2587 faute
1534 2545 1880 2588 d'inadvertance
1894 2561 1951 2586 ou

167 2611 378 2653 resultant
396 2611 451 2652 de
474 2610 838 2668 l'inintelligence
859 2611 919 2652 du
946 2617 1073 2654 texte.
1098 2638 1155 2643 --
1175 2624 1292 2654 necat
1322 2613 1378 2666 ff,
1405 2625 1527 2662 neqat
1549 2614 1704 2655 ‘Ambn
1719 2616 1753 2657 V
1785 2614 1948 2666 Plani„

164 2678 397 2721 confusion
411 2678 594 2719 usuelle.
613 2703 672 2710 —
690 2678 792 2723 169.
815 2687 987 2720 uertitur
1018 2681 1064 2726 V,
1083 2679 1194 2720 omis
1210 2694 1288 2736 par
1304 2680 1486 2727 Ambr¹.,
1517 2679 1669 2721 retabli
1688 2695 1767 2737 par
1783 2681 1947 2723 Ambr2.

168 2769 227 2778 -
252 2744 353 2790 170.
382 2753 489 2787 Hinc
531 2747 576 2792 V,
607 2753 700 2787 huic
724 2746 888 2794 Ambru,
926 2746 1154 2787 confusion
1186 2746 1240 2787 de
1277 2746 1316 2787 in
1354 2751 1397 2788 et
1428 2746 1480 2787 de
1509 2748 1564 2788 ui.
1602 2772 1660 2779 —
1698 2747 1799 2792 171.
1840 2757 1948 2790 Ienta

167 2812 437 2861 Ambr.‚1eta
470 2813 517 2860 V,
551 2812 627 2869 qui
652 2826 675 2853 a
710 2812 794 2853 soit
818 2813 992 2869 neglige
1018 2812 1059 2854 le
1092 2813 1215 2869 signe
1243 2812 1297 2854 de
1334 2812 1635 2855 l’ahreviation
1676 2820 1951 2856 surmontant

164 2877 236 2931 l’e,
260 2877 343 2920 soit
357 2878 586 2936 interpole.
605 2904 664 2910 —-
679 2879 780 2924 173.
796 2888 1044 2921 confinditur
1064 2880 1105 2925 <T
1117 2881 1280 2929 Plani„
1294 2888 1553 2922 confunditur
1573 2881 1716 2922 Ambr.
1732 2882 1778 2928 V,
1797 2882 1949 2922 confu-

161 2944 262 2987 sion
276 2944 328 2986 de
349 2945 462 2986 deux
479 2950 592 2987 mots
612 2945 665 2987 de
690 2946 832 2987 forme
852 2946 1018 2988 voisinc
1036 2962 1046 2999 ;
1069 2947 1274 2988 toutefois
1295 2947 1336 2988 le
1354 2953 1445 2988 mot
1462 2955 1698 2993 confindere
1718 2963 1772 2988 ne
1789 2947 1950 3005 parais-

169 3017 264 3054 sant
276 3026 350 3069 pas
371 3027 414 3054 se
426 3017 601 3054 trouver
618 3011 794 3054 ailleurs
807 3014 906 3054 chez
920 3013 982 3054 les
998 3019 1171 3055 auteurs
1189 3012 1420 3070 classiques
1441 3019 1551 3055 reste
1583 3013 1796 3067 doutcux3
1824 3020 1950 3071 peut-

162 3077 258 3120 etre
271 3087 554 3120 conscinditur.
571 3104 627 3110 --
642 3079 743 3124 174.
758 3093 961 3129 exurgunt
982 3081 1029 3127 G,
1049 3089 1254 3130 exui-qitat
1270 3081 1412 3122 Ambr.
1429 3083 1475 3127 V,
1497 3081 1614 3122 faute
1628 3080 1680 3122 de
1695 3080 1873 3123 lecture.
1890 3107 1949 3112 —-

170 3144 274 3190 175.
306 3161 383 3194 per
409 3152 541 3187 claros
568 3144 774 3203 Scaliger,
793 3157 1028 3195 praeGIaros
1051 3148 1194 3188 Ambr.
1211 3148 1255 3194 V,
1285 3147 1513 3192 confusion
1537 3147 1719 3189 usuelle.
1747 3174 1806 3178 —-
1828 3157 1952 3189 ierint

170 3212 219 3258 F,
239 3223 406 3260 poscent
419 3212 562 3254 Ambr.
577 3214 623 3259 V,
638 3213 945 3270 interpolation
967 3214 1042 3270 qui
1057 3228 1080 3255 a
1105 3213 1164 3254 du
1179 3229 1222 3255 se
1241 3213 1447 3270 produire
1464 3215 1586 3271 apres
1609 3214 1651 3255 la
1671 3213 1950 3256 substitution

162 3276 222 3319 de
243 3287 478 3326 praeclaros
515 3280 538 3319 a
557 3295 633 3327 per
658 3288 789 3320 claros
811 3295 923 3336 pour
947 3279 1114 3321 donner
1132 3295 1194 3320 un
1226 3295 1321 3321 sens
1342 3295 1396 3322 au
1423 3296 1614 3337 passage.
1643 3307 1698 3311 —
1726 3280 1827 3325 184.
1851 3290 1952 3322 flaui

171 3344 313 3386 Ambr.
329 3345 377 3392 V,
403 3353 511 3386 flauo
535 3344 770 3402 Nemethy,
795 3346 1043 3403 conjecture
1071 3346 1325 3403 ingenieuse
1347 3353 1389 3388 et
1413 3347 1489 3404 qui
1528 3363 1552 3389 a
1586 3347 1639 3388 de
1677 3348 1719 3389 la
1746 3348 1952 3389 vraisem-

169 3409 338 3452 blance.
363 3436 415 3442 —
441 3410 543 3456 185.
578 3419 771 3453 fecundas
803 3422 853 3454 ad
885 3421 1116 3454 deficientia
1155 3422 1297 3454 messis
1335 3413 1411 3469 (ou
1451 3430 1612 3460 messes,
1658 3414 1712 3455 cf.
1753 3413 1952 3470 Postgate

171 3475 334 3531 Praei„
367 3492 412 3534 p.
458 3477 525 3534 vi)
579 3479 631 3527 F,
674 3487 857 3520 fecundis
898 3487 1172 3520 indeficientia
1211 3488 1361 3520 mensis
1392 3481 1534 3522 Ambr.
1569 3481 1603 3521 V
1620 3493 1638 3532 ;
1679 3489 1953 3522 indeficientia
