2384 4062
982 420 1195 454 TIBULLE
1874 426 1981 478 209

193 529 308 583 Nec
341 540 580 602 prosunt
605 529 752 604 elegi
780 549 881 582 nec
916 529 1178 581 carminis
1214 540 1407 582 auctor
1439 530 1679 602 Apollo:

345 617 446 671 Illa
480 638 614 672 caua
647 618 890 690 pretium
924 616 1139 691 flagitat
1171 638 1349 690 usque
1386 639 1572 671 manu.

197 708 278 760 Ite
311 707 529 780 procul,
566 709 779 770 Musae,
818 707 864 759 si
897 726 1009 759 non
1043 707 1326 778 prodestis
1363 709 1607 760 amanti:
1914 714 1978 765 15

346 799 468 851 Non
503 818 607 873 ego
642 817 762 860 uos,
800 807 861 849 ut
894 796 1006 848 sint
1039 796 1187 849 bella
1222 797 1492 860 canenda,
1533 798 1655 850 colo

195 885 527 941 Nec'refero
568 887 824 959 Solisque
858 884 976 938 uias
1012 897 1065 937 et
1098 885 1300 958 qualis,
1338 887 1435 939 ubi
1469 888 1665 939 orbem

348 977 686 1049 Compleuit,
723 975 902 1028 uersis
937 977 1091 1028 Luna
1125 976 1366 1028 recurrit
1401 976 1559 1048 equis
1591 997 1603 1040 ;

195 1063 282 1118 Ad
315 1065 598 1118 dominam
634 1063 824 1118 faciles
858 1064 1040 1117 aditus
1074 1085 1175 1136 per
1209 1065 1457 1118 carmina
1491 1085 1734 1138 quaero;

346 1155 426 1207 Ite
461 1153 678 1227 procul,
715 1155 928 1216 Musae,
967 1153 1013 1205 si
1047 1153 1186 1205 nihil
1221 1154 1326 1207 ista
1360 1154 1571 1207 ualent.
1911 1176 1983 1210 20

195 1242 269 1296 At
301 1243 439 1295 mihi
472 1263 573 1316 per
606 1243 831 1295 caedem
867 1253 922 1295 et
956 1241 1168 1295 facinus
1204 1254 1333 1295 sunt
1366 1243 1511 1296 dona
1545 1244 1815 1316 paranda,

344 1334 424 1386 Ne
457 1332 666 1385 iaceam
701 1332 943 1385 clausam
978 1331 1180 1385 flebilis
1216 1343 1342 1385 ante
1379 1333 1626 1397 domum,

195 1421 307 1474 Aut
341 1421 553 1494 rapiam
589 1441 860 1494 suspensa
893 1422 1066 1474 sacris
1100 1422 1346 1496 insignia
1379 1421 1560 1487 fanis;

349 1511 460 1565 Sed
493 1513 680 1567 Venus
715 1522 841 1563 ante
876 1511 1013 1563 alios
1049 1523 1134 1564 est
1165 1512 1427 1565 uiolanda
1465 1513 1602 1565 mihi
1634 1534 1644 1565 :

196 1601 298 1654 Illa
331 1601 536 1653 malum
570 1599 784 1653 facinus
818 1601 1015 1653 suadet
1050 1601 1444 1674 dominamque
1481 1622 1739 1674 rapacem
1911 1608 1979 1659 25

344 1691 452 1742 Dat
484 1689 654 1754 mihi;
695 1689 995 1764 sacrilegas
1030 1690 1236 1742 sentiat
1267 1690 1362 1743 illa
1397 1711 1613 1744 manus.

197 1781 243 1833 O
277 1789 491 1852 pereat,
530 1779 865 1852 quicumque
898 1779 1038 1854 legit
1070 1779 1393 1852 uiridesque
1428 1781 1756 1856 smaragdos

343 1871 415 1922 Et
446 1869 667 1922 niueam
700 1869 867 1941 Tyrio
904 1869 1113 1921 murice
1147 1869 1318 1944 tingit
1351 1870 1549 1922 ouem!

195 1959 298 2013 Hic
333 1959 427 2012 dat
460 1958 724 2012 auaritiae
759 1978 952 2011 causas
987 1969 1042 2010 et
1077 1959 1189 2012 Coa
1223 1959 1430 2031 puellis

345 2047 530 2104 Vestis
564 2059 620 2101 et
652 2067 680 2100 e
716 2049 886 2100 rubro
920 2047 1106 2100 lucida
1138 2049 1349 2100 concha
1384 2049 1558 2113 mari;
1908 2054 1981 2108 30

195 2138 342 2191 Haec
376 2137 560 2190 fecere
594 2136 766 2190 malas
797 2157 808 2201 ;
846 2137 977 2189 hinc
1012 2137 1213 2190 clauim
1247 2137 1412 2191 ianua
1446 2139 1626 2191 sensit

343 2229 414 2279 Et
447 2227 634 2298 coepit
666 2237 853 2279 custos
887 2226 1096 2279 liminis
1133 2247 1254 2280 esse
1289 2228 1443 2280 canis
1470 2248 1482 2292 ;

198 2316 330 2380 Sed,
368 2315 611 2388 pretium
647 2316 693 2368 si
728 2315 938 2390 grande
974 2315 1141 2379 feraS,
1181 2317 1435 2370 custodia
1471 2321 1676 2371 uictast

343 2407 455 2459 Nec
489 2405 794 2478 prohibent
827 2405 1012 2458 claues
1048 2416 1103 2457 et
1136 2405 1287 2458 canis
1322 2406 1442 2478 ipse
1477 2417 1645 2460 tacet.

191 2592 443 2650 l’anaphora
465 2592 569 2634 luia
592 2607 700 2649 paru
721 2592 931 2650 elegante.
960 2618 1018 2624 —
1040 2592 1111 2637 17.
1141 2604 1180 2634 et
1204 2601 1334 2642 qualis
1370 2593 1427 2646 (Γ,
1451 2603 1606 2643 equalis
1638 2595 1784 2636 Ambr.
1799 2595 1844 2644 V,
1875 2610 1980 2638 con-

187 2659 340 2702 fusion
362 2658 415 2701 de
440 2659 601 2701 formes
620 2659 806 2701 voisines
824 2669 1036 2701 —urbem
1061 2660 1223 2707 Ambr„
1255 2659 1375 2701 faute
1400 2659 1773 2703 d'inadvertance.

874 2792 1029 2838 27-30.
1052 2794 1157 2835 Eaec.
1185 2794 1290 2835 Par.

252 2897 327 2943 29.
353 2906 430 2940 Hic
453 2906 520 2940 dat
539 2897 775 2954 auariti(a)e
791 2912 932 2939 causas
948 2908 987 2938 et
1004 2913 1075 2938 coa
1089 2905 1234 2946 puellis
1251 2898 1392 2939 Ambr.
1408 2899 1457 2949 V,
1481 2907 1629 2940 Prebet
1644 2907 1816 2940 avaritie
1836 2914 1981 2942 causas

191 2972 378 3014 preciosa
396 2976 602 3013 potentum
624 2965 728 3006 E'aec.
753 2965 857 3006 Par.
879 2979 889 3016 ς
914 2962 1168 3018 l'excerptor
1199 2979 1223 3005 a
1246 2963 1462 3021 interpole
1495 2980 1608 3021 pour
1639 2966 1760 3021 avoir
1787 2981 1850 3007 un
1879 2981 1976 3008 sens

193 3030 291 3088 plus
314 3030 562 3072 facilement
571 3029 798 3073 accessible
815 3035 858 3072 et
881 3045 993 3087 pour
1016 3030 1123 3071 faire
1148 3030 1403 3088 disparaitre
1428 3030 1468 3072 la
1493 3031 1674 3072 couleur
1698 3031 1896 3089 <Erotique
1917 3032 1977 3074 du

144 3131 146 3134 Α
192 3111 367 3155 passage
384 3113 394 3150 3
422 3096 493 3139 ila
516 3096 596 3139 fait
608 3097 667 3138 du
685 3112 888 3139 morceau
907 3111 995 3138 unc
1008 3097 1292 3154 protestation
1316 3103 1466 3139 contre
1484 3097 1684 3140 l'avarice
1703 3114 1757 3139 en
1781 3099 1974 3156 general.

252 3231 326 3277 31.
351 3229 573 3273 Charisius
595 3247 639 3288 p.
674 3231 771 3286 126,
799 3232 824 3281 [l
851 3231 893 3274 Κ
914 3248 923 3273 :
948 3240 1098 3274 Clauim
1123 3240 1298 3272 Tibullus
1318 3247 1329 3272 .·
1353 3239 1448 3272 hinc
1472 3219 1615 3272 clauim
1640 3240 1760 3273 ianua
1779 3240 1918 3274 sensit.

252 3335 325 3381 31.
353 3343 496 3377 clauim
522 3333 760 3387 Charisius,
788 3344 939 3377 clauem
961 3336 1104 3377 Ambr.
1119 3337 1164 3381 V,
1188 3334 1304 3391 quia
1328 3333 1544 3390 remplace
1567 3334 1808 3376 l'accusatif
1828 3350 1882 3376 en
1902 3337 1978 3377 -im

191 3417 270 3461 par
281 3402 522 3445 l'accusatif
542 3417 597 3444 en
618 3417 700 3444 -em
713 3402 810 3459 plus
823 3407 1019 3444 courant.
1038 3428 1093 3432 —
1115 3400 1189 3446 32.
1214 3409 1319 3449 cepit
1347 3401 1492 3442 Ambr.
1521 3425 1576 3432 -·
1599 3400 1671 3445 33.
1701 3411 1804 3444 uicta
1829 3414 1889 3444 est
1921 3403 1974 3443 V2

190 3485 255 3513 en·
273 3485 438 3527 marge,
464 3478 618 3512 incerta
650 3482 710 3512 est
732 3471 957 3517 Ambr.V¹,
991 3468 1157 3511 bourde
1177 3473 1417 3525 provenant
1441 3466 1573 3509 d’une
1595 3468 1713 3509 faute
1737 3468 1790 3510 de
1810 3469 1976 3510 lecture

430 3558 648 3602 TIBULLE.
1685 3571 1701 3598 1
1710 3557 1736 3605 [⁸
