2384 4062
826 384 1046 418 SOURCES
1087 384 1154 416 DE
1194 383 1404 416 TIBULLE
1907 380 2005 433 119

230 490 452 558 apprecie
467 489 510 539 le
523 489 741 549 charme,
766 489 802 538 si
819 487 977 556 grand
1003 488 1088 536 616
1103 504 1392 555 campagne,
1413 493 1608 534 surtout
1622 503 1708 552 par
1724 484 1769 534 le
1787 485 2007 534 mauvais

227 578 409 639 temps,
441 571 626 620 d'avoir
641 589 710 620 un
736 570 834 619 bon
866 569 943 619 feu
961 588 1024 618 au
1051 575 1277 617 moment
1302 567 1362 617 de
1385 566 1700 625 s'endormir,
1729 566 1749 614 I
1782 583 1824 626 1,
1853 570 1935 631 47,

492 683 597 734 Aut,
626 682 790 740 gelidas
813 681 1021 724 hibernus
1041 695 1173 738 aquas
1197 695 1298 722 cum
1319 679 1482 721 fuderit
1505 684 1664 731 auster,

610 756 821 799 Securum
845 771 1036 810 somnos,
1063 755 1165 812 igne
1190 755 1386 806 iuuante,
1415 752 1552 810 sequi.

292 880 380 930 Les
410 859 604 947 bergers
633 879 692 930 de
721 879 909 946 Virgile
930 882 1204 946 eprouvent
1231 877 1360 926 aussi
1393 876 1438 926 16
1470 876 1638 944 plaisir
1670 875 1730 924 de
1760 894 1808 956 se
1840 892 1999 925 serrer

225 979 314 1029 par
338 961 384 1011 le
412 961 538 1011 froid
559 969 728 1011 contre
756 961 801 1010 le
819 961 970 1028 foyer,
998 960 1110 1020 VII,
1135 963 1197 1026 49
1221 978 1353 1026 sqq.,

489 1072 572 1114 Hic
595 1074 716 1115 focus
741 1079 783 1114 et
807 1072 956 1115 taedae
979 1072 1181 1130 pingues,
1209 1071 1279 1113 hic
1303 1071 1520 1128 plurimus
1545 1069 1660 1126 ignis
1676 1070 1747 1110 1...

487 1146 570 1189 Hic
590 1152 760 1190 tantum
786 1146 946 1188 Boreae
971 1162 1172 1188 curamus
1196 1146 1375 1203 frigora,
1403 1150 1617 1202 quantum

485 1221 575 1263 Aut
599 1236 834 1263 numerum
858 1220 987 1278 lupus
1008 1226 1082 1262 aut
1103 1220 1311 1262 torrentia
1332 1219 1518 1261 flumina
1541 1219 1670 1276 ripas.

287 1328 383 1379 Des
420 1329 547 1379 deux
586 1332 713 1379 cotes
753 1348 879 1378 nous
918 1338 1184 1379 trouvons:
1229 1329 1312 1378 des
1359 1333 1632 1377 maitresses
1678 1325 1991 1385 insensibles,

220 1410 404 1460 Pholoe
434 1412 460 1459 6
484 1410 668 1478 l'egard
696 1411 755 1460 de
780 1411 1051 1471 Marathus,
1080 1411 1100 1458 I
1130 1412 1180 1471 8,
1213 1411 1273 1476 67
1306 1429 1436 1478 sqq.,
1464 1409 1729 1476 Amaryllis
1757 1411 1783 1456 a
1809 1407 1992 1474 l'e'gard

218 1491 280 1540 de
318 1491 566 1559 Corydon,
611 1493 675 1551 II,
722 1497 776 1548 14
807 1511 903 1560 sq.‚
942 1493 1024 1542 des
1055 1493 1170 1542 fetes
1199 1493 1446 1559 rustiques
1473 1495 1540 1540 06
1568 1491 1613 1540 16
1636 1491 1720 1539 vin
1747 1492 1867 1558 joue
1901 1507 1991 1538 son

220 1571 324 1622 role
349 1573 393 1621 II
425 1590 468 1632 1,
502 1591 562 1639 27
589 1592 696 1641 sqq.
726 1581 773 1623 et
797 1575 896 1623 Ecl.
921 1574 986 1634 V,
1015 1575 1077 1640 69
1103 1592 1208 1641 sqq.
1244 1573 1460 1641 (Virgile
1484 1574 1672 1640 ajoute:
1704 1579 1746 1621 et
1771 1590 1870 1620 cam
1893 1570 1994 1621 las—

221 1655 441 1704 trabimas
480 1674 634 1722 ayros,
675 1674 727 1705 ce
754 1656 841 1722 qui
879 1663 948 1705 est
968 1657 1244 1722 justement
1281 1656 1326 1705 16
1368 1673 1445 1704 665
1476 1655 1589 1704 chez
1629 1654 1874 1720 Tibulle),
1906 1652 1991 1702 des

217 1735 441 1785 infideles
483 1767 549 1774 -—-
588 1737 807 1786 Nemesis
843 1745 890 1786 et
930 1737 1132 1804 Lykoris
1171 1738 1365 1786 suivent
1405 1756 1476 1785 un
1519 1736 1662 1796 rival,
1710 1736 1846 1784 l'une
1885 1753 1983 1783 aux

218 1816 438 1885 champs,
473 1817 652 1876 l'autre
681 1821 707 1867 a
743 1818 788 1867 16
824 1837 1001 1885 guerre
1038 1849 1123 1878 —,
1155 1819 1237 1868 des
1275 1818 1512 1867 allusions
1547 1822 1574 1867 a
1614 1819 1661 1867 16
1701 1818 1863 1867 chasse
1894 1816 1984 1884 qui

217 1898 386 1948 reunit
405 1917 471 1948 ou
496 1901 660 1967 separe
687 1899 754 1949 les
782 1909 975 1949 amants
996 1908 1044 1950 et
1070 1903 1096 1948 a
1119 1901 1164 1948 16
1192 1900 1355 1949 chasse
1389 1899 1471 1949 des
1507 1905 1693 1949 memes
1730 1900 1984 1957 animaux,

214 1980 470 2047 sangliers,
520 1981 659 2041 cerss,
724 1982 834 2030 Tib.
887 1982 906 2029 I
949 1986 998 2041 Δ,
1045 1986 1107 2048 49
1145 2001 1242 2049 sq.‚
1290 1982 1357 2030 IV
1398 1983 1447 2041 3,
1489 1999 1512 2030 2
1553 2001 1686 2048 sqq.,
1730 1981 1868 2048 Virg.
1915 1980 1981 2039 II,

217 2062 280 2110 28
306 2079 402 2129 sq.‚
431 2062 520 2121 ΙΙΙ,
547 2066 609 2128 74
633 2081 728 2129 sq.‚
756 2063 820 2122 V,
852 2065 935 2123 60,
959 2063 1040 2112 des
1061 2072 1254 2112 amants
1276 2063 1364 2131 qui
1389 2081 1438 2112 se
1466 2063 1716 2112 consolent
1741 2081 1803 2112 en
1826 2070 1986 2111 trans-

215 2150 417 2210 portant
442 2143 651 2192 'ailleurs
678 2143 786 2193 leur
823 2144 1070 2204 affection,
1109 2145 1219 2194 Tib.
1258 2145 1278 2193 Ι
1314 2162 1362 2211 9,
1400 2162 1461 2211 79
1495 2164 1591 2212 sq.‚
1625 2145 1759 2211 Virg.
1803 2144 1868 2203 II,
1898 2144 1979 2210 73,

213 2223 297 2273 des
325 2224 508 2273 unions
529 2243 626 2292 que
649 2225 857 2274 l’amant
880 2226 1003 2286 decu
1024 2226 1226 2293 qualifie
1246 2226 1306 2276 de
1326 2235 1494 2276 contre
1519 2235 1716 2286 nature,
1743 2226 1853 2274 Tib.
1884 2225 1903 2273 Ι
1930 2242 1979 2291 9,

215 2304 276 2371 75
306 2325 403 2374 sq.‚
430 2306 568 2373 Virg.
606 2307 746 2366 VIII,
774 2308 834 2356 26
857 2326 953 2374 sq.‚
981 2316 1071 2357 etc.

279 2386 429 2436 Enfin
470 2388 677 2437 certains
704 2407 925 2456 passages
966 2389 1183 2439 revelent
1217 2389 1277 2439 de
1311 2390 1358 2438 la
1386 2397 1496 2457 part
1531 2389 1590 2439 de
1614 2389 1813 2439 Tibulle
1840 2389 1980 2439 l’em-
2065 2427 2067 2430 -

210 2477 366 2536 prunt
388 2469 572 2518 litteral
608 2469 758 2519 d’une
779 2471 1056 2538 expression
1078 2489 1142 2520 ou
1171 2470 1323 2520 d'une
1347 2479 1590 2521 tournure
1612 2490 1622 2521 :

61 2646 64 2655 ι
129 2631 133 2635 .
210 2593 333 2654 Virg.
362 2595 420 2650 X,
445 2595 495 2639 51
594 2597 785 2639 Carmina
806 2598 987 2655 pastoris
1014 2597 1148 2641 Siculi
1174 2599 1409 2641 modulabor
1431 2615 1558 2641 auena

208 2668 306 2712 Tib.
335 2669 377 2711 II
403 2685 441 2723 1,
470 2670 524 2713 53
588 2670 643 2713 Et
667 2678 784 2713 satur
804 2673 941 2714 arenti
962 2672 1199 2730 primumst
1224 2674 1452 2717 modulatus
1470 2689 1596 2715 auena

713 2746 886 2788 Carmen

207 2816 330 2875 Virg.
355 2817 413 2869 X,
441 2817 496 2875 69
589 2817 751 2861 Omnia
776 2820 897 2861 uincit
919 2823 1048 2863 Amor
1072 2827 1114 2863 et
1138 2837 1215 2863 nos
1238 2823 1423 2864 cedamus
1448 2821 1602 2864 Amori

207 2889 305 2933 Tib.
332 2890 351 2932 Ῑ
377 2891 420 2943 Δ,
446 2891 501 2939 [ιο
592 2893 746 2936 Cedas:
775 2893 983 2951 obsequio
1002 2895 1195 2952 plurima
1213 2897 1334 2938 uincit
1355 2911 1470 2938 amor

206 2963 330 3022 Virg.
358 2964 439 3017 IX,
468 2966 522 3023 49
592 2966 782 3010 Duceret
807 2970 956 3024 apricis
982 2970 1021 3011 in
1042 2971 1206 3012 collibus
1232 2986 1309 3012 aaa
1334 2971 1523 3012 colorem
1587 3022 1592 3025 Ἰ

206 3037 304 3080 Tib.
333 3037 352 3080 I
378 3039 421 3090 Δ,
450 3054 500 3096 19
591 3041 745 3083 Annus
770 3043 809 3083 in
829 3043 978 3091 apricis
1000 3050 1188 3085 maturat
1208 3045 1374 3086 collibus
1395 3060 1491 3086 anas

210 3110 333 3169 Virg.
360 3112 417 3163 ll,
445 3112 499 3160 34
591 3116 679 3158 Nec
702 3122 739 3156 te
755 3118 962 3170 paeniteat
982 3117 1148 3159 calamo
1174 3119 1333 3160 triuisse
1352 3118 1563 3160 labellum

211 3184 310 3227 Tib.
338 3185 357 3227 I
378 3185 421 3237 4,
445 3186 499 3244 [Γ]
591 3189 679 3231 Nec
707 3196 744 3230 te
764 3191 972 3244 paeniteat
997 3191 1128 3232 duros
1152 3191 1332 3234 subiisse
1357 3192 1523 3234 labores

712 3262 803 3305 Aut
822 3278 952 3320 opera
976 3265 1163 3307 insuetas
1189 3267 1402 3307 atteruisse
1427 3282 1581 3308 manus

277 3430 314 3458 1.
350 3413 419 3458 Cf.
445 3415 541 3459 Tib.
568 3417 586 3459 I
614 3433 651 3469 1,
680 3418 704 3461 6
731 3418 851 3461 Dum
877 3436 998 3462 meus
1023 3421 1202 3464 adsiduo
1226 3422 1367 3465 luceat
1391 3424 1493 3481 igne
1515 3425 1650 3466 focus.
