<?xml version="1.0" encoding="UTF-8"?>
<!DOCTYPE html PUBLIC "-//W3C//DTD XHTML 1.0 Transitional//EN"
    "http://www.w3.org/TR/xhtml1/DTD/xhtml1-transitional.dtd">
<html xmlns="http://www.w3.org/1999/xhtml" xml:lang="en" lang="en">
 <head>
  <title>
</title>
<meta http-equiv="Content-Type" content="text/html;charset=utf-8" />
  <meta name='ocr-system' content='tesseract 3.04.00' />
  <meta name='ocr-capabilities' content='ocr_page ocr_carea ocr_par ocr_line ocrx_word'/>
</head>
<body>
  <div class='ocr_page' id='page_1' title='image "./tibulleetlesaute00tibuuoft_0204.png"; bbox 0 0 2384 4062; ppageno 0'>
   <div class='ocr_carea' id='block_1_1' title="bbox 2022 0 2384 344">
    <p class='ocr_par' dir='ltr' id='par_1_1' title="bbox 2022 0 2384 344">
     <span class='ocr_line' id='line_1_1' title="bbox 2022 0 2384 344; baseline 0 3718"><span class='ocrx_word' id='word_1_1' title='bbox 2022 0 2384 344; x_wconf 95' lang='lat' dir='ltr'> </span> 
     </span>
    </p>
   </div>
   <div class='ocr_carea' id='block_1_2' title="bbox 486 387 1468 459">
    <p class='ocr_par' dir='ltr' id='par_1_2' title="bbox 486 387 1468 459">
     <span class='ocr_line' id='line_1_2' title="bbox 486 387 1468 459; baseline -0.004 -17"><span class='ocrx_word' id='word_1_2' title='bbox 486 408 506 442; x_wconf 91' lang='lat'>1</span> <span class='ocrx_word' id='word_1_3' title='bbox 518 407 587 459; x_wconf 84' lang='lat'>90</span> <span class='ocrx_word' id='word_1_4' title='bbox 751 400 754 404; x_wconf 79' lang='grc'>’</span> <span class='ocrx_word' id='word_1_5' title='bbox 1191 387 1194 389; x_wconf 51' lang='grc'><strong><em>’</em></strong></span> <span class='ocrx_word' id='word_1_6' title='bbox 1255 405 1468 440; x_wconf 81' lang='lat' dir='ltr'><strong>TIBULLE</strong></span> 
     </span>
    </p>
   </div>
   <div class='ocr_carea' id='block_1_3' title="bbox 481 509 2282 2349">
    <p class='ocr_par' dir='ltr' id='par_1_3' title="bbox 481 509 2282 2349">
     <span class='ocr_line' id='line_1_3' title="bbox 628 509 1778 586; baseline -0.004 -20"><span class='ocrx_word' id='word_1_7' title='bbox 628 516 751 586; x_wconf 91' lang='lat' dir='ltr'>Ipse</span> <span class='ocrx_word' id='word_1_8' title='bbox 779 534 962 566; x_wconf 90' lang='lat' dir='ltr'>comes</span> <span class='ocrx_word' id='word_1_9' title='bbox 997 514 1168 566; x_wconf 79' lang='lat' dir='ltr'>multa</span> <span class='ocrx_word' id='word_1_10' title='bbox 1201 512 1410 564; x_wconf 90' lang='lat' dir='ltr'>lumina</span> <span class='ocrx_word' id='word_1_11' title='bbox 1443 521 1604 563; x_wconf 80' lang='lat' dir='ltr'>nocte</span> <span class='ocrx_word' id='word_1_12' title='bbox 1641 509 1778 562; x_wconf 79' lang='lat' dir='ltr'>tuli!</span> 
     </span>
     <span class='ocr_line' id='line_1_4' title="bbox 485 601 1812 674; baseline -0.004 -20"><span class='ocrx_word' id='word_1_13' title='bbox 485 604 660 674; x_wconf 81' lang='lat' dir='ltr'>Saepe</span> <span class='ocrx_word' id='word_1_14' title='bbox 694 602 1003 673; x_wconf 82' lang='lat' dir='ltr'>insperanti</span> <span class='ocrx_word' id='word_1_15' title='bbox 1036 602 1189 654; x_wconf 84' lang='lat' dir='ltr'>uenit</span> <span class='ocrx_word' id='word_1_16' title='bbox 1221 601 1324 653; x_wconf 82' lang='lat' dir='ltr'>tibi</span> <span class='ocrx_word' id='word_1_17' title='bbox 1359 619 1586 652; x_wconf 88' lang='lat' dir='ltr'>munere</span> <span class='ocrx_word' id='word_1_18' title='bbox 1621 609 1812 650; x_wconf 84' lang='lat' dir='ltr'>nostro</span> 
     </span>
     <span class='ocr_line' id='line_1_5' title="bbox 629 686 1808 761; baseline -0.005 -18"><span class='ocrx_word' id='word_1_19' title='bbox 629 692 698 742; x_wconf 78' lang='lat' dir='ltr'>Et</span> <span class='ocrx_word' id='word_1_20' title='bbox 730 691 868 742; x_wconf 81' lang='lat' dir='ltr'>iacui</span> <span class='ocrx_word' id='word_1_21' title='bbox 902 691 1117 742; x_wconf 79' lang='lat' dir='ltr'>clausas</span> <span class='ocrx_word' id='word_1_22' title='bbox 1152 700 1279 761; x_wconf 79' lang='lat' dir='ltr'>post</span> <span class='ocrx_word' id='word_1_23' title='bbox 1311 688 1378 740; x_wconf 85' lang='lat' dir='ltr'>ad</span> <span class='ocrx_word' id='word_1_24' title='bbox 1411 698 1605 759; x_wconf 82' lang='lat' dir='ltr'>operta</span> <span class='ocrx_word' id='word_1_25' title='bbox 1639 686 1808 738; x_wconf 78' lang='lat' dir='ltr'>fores,</span> 
     </span>
     <span class='ocr_line' id='line_1_6' title="bbox 481 774 2241 840; baseline -0.002 -10"><span class='ocrx_word' id='word_1_26' title='bbox 481 779 619 830; x_wconf 89' lang='lat' dir='ltr'>Tum</span> <span class='ocrx_word' id='word_1_27' title='bbox 655 777 823 830; x_wconf 91' lang='lat' dir='ltr'>miser</span> <span class='ocrx_word' id='word_1_28' title='bbox 855 778 1062 840; x_wconf 84' lang='lat' dir='ltr'>interii,</span> <span class='ocrx_word' id='word_1_29' title='bbox 1101 778 1267 830; x_wconf 78' lang='lat' dir='ltr'>stulte</span> <span class='ocrx_word' id='word_1_30' title='bbox 1302 775 1539 828; x_wconf 88' lang='lat' dir='ltr'>confisus</span> <span class='ocrx_word' id='word_1_31' title='bbox 1576 775 1780 827; x_wconf 85' lang='lat' dir='ltr'>amari:</span> <span class='ocrx_word' id='word_1_32' title='bbox 2174 774 2241 833; x_wconf 64' lang='lat'>[15</span> 
     </span>
     <span class='ocr_line' id='line_1_7' title="bbox 629 863 1993 936; baseline -0.003 -19"><span class='ocrx_word' id='word_1_33' title='bbox 629 867 764 918; x_wconf 92' lang='lat' dir='ltr'>Nam</span> <span class='ocrx_word' id='word_1_34' title='bbox 799 875 1049 936; x_wconf 73' lang='lat' dir='ltr'>poteram</span> <span class='ocrx_word' id='word_1_35' title='bbox 1085 865 1151 916; x_wconf 89' lang='lat' dir='ltr'>ad</span> <span class='ocrx_word' id='word_1_36' title='bbox 1184 865 1412 936; x_wconf 89' lang='lat' dir='ltr'>laqueos</span> <span class='ocrx_word' id='word_1_37' title='bbox 1447 863 1661 915; x_wconf 78' lang='lat' dir='ltr'>cautior</span> <span class='ocrx_word' id='word_1_38' title='bbox 1695 881 1815 914; x_wconf 89' lang='lat' dir='ltr'>esse</span> <span class='ocrx_word' id='word_1_39' title='bbox 1849 871 1993 914; x_wconf 83' lang='lat' dir='ltr'>tuos.</span> 
     </span>
     <span class='ocr_line' id='line_1_8' title="bbox 484 950 1973 1018; baseline -0.002 -14"><span class='ocrx_word' id='word_1_40' title='bbox 484 953 631 1018; x_wconf 83' lang='lat' dir='ltr'>Quin</span> <span class='ocrx_word' id='word_1_41' title='bbox 664 953 828 1004; x_wconf 81' lang='lat' dir='ltr'>etiam</span> <span class='ocrx_word' id='word_1_42' title='bbox 864 954 1096 1005; x_wconf 78' lang='lat' dir='ltr'>attonita</span> <span class='ocrx_word' id='word_1_43' title='bbox 1129 953 1319 1005; x_wconf 89' lang='lat' dir='ltr'>laudes</span> <span class='ocrx_word' id='word_1_44' title='bbox 1353 952 1457 1004; x_wconf 83' lang='lat' dir='ltr'>tibi</span> <span class='ocrx_word' id='word_1_45' title='bbox 1491 962 1674 1003; x_wconf 81' lang='lat' dir='ltr'>mente</span> <span class='ocrx_word' id='word_1_46' title='bbox 1709 950 1973 1002; x_wconf 81' lang='lat' dir='ltr'>canebam</span> 
     </span>
     <span class='ocr_line' id='line_1_9' title="bbox 630 1039 1870 1111; baseline -0.002 -19"><span class='ocrx_word' id='word_1_47' title='bbox 630 1043 701 1093; x_wconf 81' lang='lat' dir='ltr'>Et</span> <span class='ocrx_word' id='word_1_48' title='bbox 733 1060 817 1092; x_wconf 91' lang='lat' dir='ltr'>me</span> <span class='ocrx_word' id='word_1_49' title='bbox 853 1062 998 1093; x_wconf 86' lang='lat' dir='ltr'>nunc</span> <span class='ocrx_word' id='word_1_50' title='bbox 1032 1042 1209 1093; x_wconf 76' lang='lat' dir='ltr'>nostri</span> <span class='ocrx_word' id='word_1_51' title='bbox 1241 1041 1634 1111; x_wconf 80' lang='lat' dir='ltr'>Pieridumque</span> <span class='ocrx_word' id='word_1_52' title='bbox 1668 1039 1870 1111; x_wconf 82' lang='lat' dir='ltr'>pudet3</span> 
     </span>
     <span class='ocr_line' id='line_1_10' title="bbox 485 1127 1853 1202; baseline 0 -22"><span class='ocrx_word' id='word_1_53' title='bbox 485 1130 583 1181; x_wconf 90' lang='lat' dir='ltr'>Illa</span> <span class='ocrx_word' id='word_1_54' title='bbox 616 1129 784 1181; x_wconf 89' lang='lat' dir='ltr'>uelim</span> <span class='ocrx_word' id='word_1_55' title='bbox 820 1130 1011 1202; x_wconf 89' lang='lat' dir='ltr'>rapida</span> <span class='ocrx_word' id='word_1_56' title='bbox 1044 1130 1321 1183; x_wconf 85' lang='lat' dir='ltr'>Vulcanus</span> <span class='ocrx_word' id='word_1_57' title='bbox 1357 1129 1601 1180; x_wconf 83' lang='lat' dir='ltr'>carmina</span> <span class='ocrx_word' id='word_1_58' title='bbox 1635 1127 1853 1180; x_wconf 89' lang='lat' dir='ltr'>flamma</span> 
     </span>
     <span class='ocr_line' id='line_1_11' title="bbox 632 1217 2246 1290; baseline 0.001 -22"><span class='ocrx_word' id='word_1_59' title='bbox 632 1219 867 1270; x_wconf 78' lang='lat' dir='ltr'>Torreat</span> <span class='ocrx_word' id='word_1_60' title='bbox 898 1229 953 1270; x_wconf 82' lang='lat' dir='ltr'>et</span> <span class='ocrx_word' id='word_1_61' title='bbox 985 1217 1197 1290; x_wconf 87' lang='lat' dir='ltr'>liquida</span> <span class='ocrx_word' id='word_1_62' title='bbox 1230 1218 1414 1269; x_wconf 75' lang='lat' dir='ltr'>deleat</span> <span class='ocrx_word' id='word_1_63' title='bbox 1447 1217 1622 1269; x_wconf 89' lang='lat' dir='ltr'>amnis</span> <span class='ocrx_word' id='word_1_64' title='bbox 1658 1235 1816 1288; x_wconf 90' lang='lat' dir='ltr'>aqua.</span> <span class='ocrx_word' id='word_1_65' title='bbox 2177 1217 2246 1270; x_wconf 83' lang='lat'>50</span> 
     </span>
     <span class='ocr_line' id='line_1_12' title="bbox 486 1305 2055 1377; baseline -0.001 -20"><span class='ocrx_word' id='word_1_66' title='bbox 486 1307 566 1357; x_wconf 92' lang='lat' dir='ltr'>Tu</span> <span class='ocrx_word' id='word_1_67' title='bbox 601 1307 795 1377; x_wconf 92' lang='lat' dir='ltr'>procul</span> <span class='ocrx_word' id='word_1_68' title='bbox 830 1307 958 1357; x_wconf 91' lang='lat' dir='ltr'>hinc</span> <span class='ocrx_word' id='word_1_69' title='bbox 995 1306 1162 1368; x_wconf 84' lang='lat' dir='ltr'>absis,</span> <span class='ocrx_word' id='word_1_70' title='bbox 1201 1306 1288 1358; x_wconf 91' lang='lat' dir='ltr'>cui</span> <span class='ocrx_word' id='word_1_71' title='bbox 1323 1305 1555 1358; x_wconf 87' lang='lat' dir='ltr'>formam</span> <span class='ocrx_word' id='word_1_72' title='bbox 1590 1305 1833 1357; x_wconf 86' lang='lat' dir='ltr'>uendere</span> <span class='ocrx_word' id='word_1_73' title='bbox 1869 1315 2055 1357; x_wconf 86' lang='lat' dir='ltr'>curast</span> 
     </span>
     <span class='ocr_line' id='line_1_13' title="bbox 632 1392 1879 1466; baseline -0.002 -20"><span class='ocrx_word' id='word_1_74' title='bbox 632 1396 702 1446; x_wconf 80' lang='lat' dir='ltr'>Et</span> <span class='ocrx_word' id='word_1_75' title='bbox 734 1394 975 1465; x_wconf 74' lang='lat' dir='ltr'>pretium</span> <span class='ocrx_word' id='word_1_76' title='bbox 1010 1394 1174 1465; x_wconf 89' lang='lat' dir='ltr'>plena</span> <span class='ocrx_word' id='word_1_77' title='bbox 1209 1394 1417 1466; x_wconf 75' lang='lat' dir='ltr'>grande</span> <span class='ocrx_word' id='word_1_78' title='bbox 1454 1392 1662 1445; x_wconf 91' lang='lat' dir='ltr'>referre</span> <span class='ocrx_word' id='word_1_79' title='bbox 1698 1413 1879 1445; x_wconf 86' lang='lat' dir='ltr'>manu.</span> 
     </span>
     <span class='ocr_line' id='line_1_14' title="bbox 485 1482 1963 1554; baseline -0.001 -20"><span class='ocrx_word' id='word_1_80' title='bbox 485 1482 556 1534; x_wconf 83' lang='lat' dir='ltr'>At</span> <span class='ocrx_word' id='word_1_81' title='bbox 588 1493 662 1544; x_wconf 82' lang='lat' dir='ltr'>te,</span> <span class='ocrx_word' id='word_1_82' title='bbox 701 1483 795 1554; x_wconf 89' lang='lat' dir='ltr'>qui</span> <span class='ocrx_word' id='word_1_83' title='bbox 829 1502 1061 1553; x_wconf 89' lang='lat' dir='ltr'>puerum</span> <span class='ocrx_word' id='word_1_84' title='bbox 1097 1483 1256 1534; x_wconf 90' lang='lat' dir='ltr'>donis</span> <span class='ocrx_word' id='word_1_85' title='bbox 1293 1501 1650 1553; x_wconf 88' lang='lat' dir='ltr'>corrumpere</span> <span class='ocrx_word' id='word_1_86' title='bbox 1686 1502 1743 1534; x_wconf 90' lang='lat' dir='ltr'>es</span> <span class='ocrx_word' id='word_1_87' title='bbox 1779 1501 1963 1544; x_wconf 90' lang='lat' dir='ltr'>ausus,</span> 
     </span>
     <span class='ocr_line' id='line_1_15' title="bbox 633 1570 1672 1622; baseline 0 0"><span class='ocrx_word' id='word_1_88' title='bbox 633 1570 834 1622; x_wconf 82' lang='lat' dir='ltr'>Rideat</span> <span class='ocrx_word' id='word_1_89' title='bbox 868 1570 1112 1622; x_wconf 85' lang='lat' dir='ltr'>adsiduis</span> <span class='ocrx_word' id='word_1_90' title='bbox 1148 1590 1286 1622; x_wconf 85' lang='lat' dir='ltr'>uxor</span> <span class='ocrx_word' id='word_1_91' title='bbox 1318 1571 1495 1622; x_wconf 81' lang='lat' dir='ltr'>inulta</span> <span class='ocrx_word' id='word_1_92' title='bbox 1529 1570 1672 1622; x_wconf 89' lang='lat' dir='ltr'>dolis</span> 
     </span>
     <span class='ocr_line' id='line_1_16' title="bbox 486 1657 2282 1722; baseline 0.001 -12"><span class='ocrx_word' id='word_1_93' title='bbox 486 1657 574 1722; x_wconf 81' lang='lat' dir='ltr'>Et,</span> <span class='ocrx_word' id='word_1_94' title='bbox 613 1679 735 1710; x_wconf 89' lang='lat' dir='ltr'>cum</span> <span class='ocrx_word' id='word_1_95' title='bbox 772 1658 976 1711; x_wconf 84' lang='lat' dir='ltr'>furtiuo</span> <span class='ocrx_word' id='word_1_96' title='bbox 1011 1659 1269 1711; x_wconf 90' lang='lat' dir='ltr'>iuuenem</span> <span class='ocrx_word' id='word_1_97' title='bbox 1303 1659 1598 1710; x_wconf 81' lang='lat' dir='ltr'>lassauerit</span> <span class='ocrx_word' id='word_1_98' title='bbox 1633 1679 1752 1721; x_wconf 91' lang='lat' dir='ltr'>usu,</span> <span class='ocrx_word' id='word_1_99' title='bbox 2178 1661 2246 1712; x_wconf 85' lang='lat'>55</span> <span class='ocrx_word' id='word_1_100' title='bbox 2278 1660 2282 1661; x_wconf 39' lang='lat'><em>⁷</em></span> 
     </span>
     <span class='ocr_line' id='line_1_17' title="bbox 635 1746 1925 1820; baseline 0.001 -22"><span class='ocrx_word' id='word_1_101' title='bbox 635 1746 838 1798; x_wconf 83' lang='lat' dir='ltr'>Tecum</span> <span class='ocrx_word' id='word_1_102' title='bbox 872 1747 1203 1818; x_wconf 79' lang='lat' dir='ltr'>interposita</span> <span class='ocrx_word' id='word_1_103' title='bbox 1237 1747 1499 1820; x_wconf 79' lang='lat' dir='ltr'>languida</span> <span class='ocrx_word' id='word_1_104' title='bbox 1533 1757 1687 1798; x_wconf 81' lang='lat' dir='ltr'>ueste</span> <span class='ocrx_word' id='word_1_105' title='bbox 1723 1748 1925 1810; x_wconf 81' lang='lat' dir='ltr'>cubet3</span> 
     </span>
     <span class='ocr_line' id='line_1_18' title="bbox 493 1835 1703 1908; baseline -0.001 -20"><span class='ocrx_word' id='word_1_106' title='bbox 493 1837 724 1906; x_wconf 88' lang='lat' dir='ltr'>Semper</span> <span class='ocrx_word' id='word_1_107' title='bbox 757 1835 868 1887; x_wconf 80' lang='lat' dir='ltr'>sint</span> <span class='ocrx_word' id='word_1_108' title='bbox 901 1846 1127 1888; x_wconf 81' lang='lat' dir='ltr'>externa</span> <span class='ocrx_word' id='word_1_109' title='bbox 1161 1847 1254 1888; x_wconf 79' lang='lat' dir='ltr'>tuo</span> <span class='ocrx_word' id='word_1_110' title='bbox 1289 1835 1526 1908; x_wconf 79' lang='lat' dir='ltr'>uestigia</span> <span class='ocrx_word' id='word_1_111' title='bbox 1559 1836 1703 1887; x_wconf 83' lang='lat' dir='ltr'>lecto</span> 
     </span>
     <span class='ocr_line' id='line_1_19' title="bbox 635 1923 1881 1996; baseline 0.001 -21"><span class='ocrx_word' id='word_1_112' title='bbox 635 1925 706 1975; x_wconf 82' lang='lat' dir='ltr'>Et</span> <span class='ocrx_word' id='word_1_113' title='bbox 737 1934 924 1995; x_wconf 78' lang='lat' dir='ltr'>pateat</span> <span class='ocrx_word' id='word_1_114' title='bbox 956 1923 1171 1995; x_wconf 91' lang='lat' dir='ltr'>cupidis</span> <span class='ocrx_word' id='word_1_115' title='bbox 1207 1944 1426 1996; x_wconf 88' lang='lat' dir='ltr'>semper</span> <span class='ocrx_word' id='word_1_116' title='bbox 1461 1935 1651 1995; x_wconf 81' lang='lat' dir='ltr'>aperta</span> <span class='ocrx_word' id='word_1_117' title='bbox 1685 1924 1881 1976; x_wconf 90' lang='lat' dir='ltr'>domus</span> 
     </span>
     <span class='ocr_line' id='line_1_20' title="bbox 487 2012 1713 2084; baseline -0.001 -19"><span class='ocrx_word' id='word_1_118' title='bbox 487 2014 598 2065; x_wconf 89' lang='lat' dir='ltr'>Nec</span> <span class='ocrx_word' id='word_1_119' title='bbox 632 2012 837 2063; x_wconf 87' lang='lat' dir='ltr'>lasciua</span> <span class='ocrx_word' id='word_1_120' title='bbox 871 2032 1029 2065; x_wconf 88' lang='lat' dir='ltr'>soror</span> <span class='ocrx_word' id='word_1_121' title='bbox 1063 2013 1279 2064; x_wconf 79' lang='lat' dir='ltr'>dicatur</span> <span class='ocrx_word' id='word_1_122' title='bbox 1312 2013 1472 2084; x_wconf 87' lang='lat' dir='ltr'>plura</span> <span class='ocrx_word' id='word_1_123' title='bbox 1504 2013 1713 2064; x_wconf 87' lang='lat' dir='ltr'>bibisse</span> 
     </span>
     <span class='ocr_line' id='line_1_21' title="bbox 635 2101 2253 2172; baseline 0.002 -20"><span class='ocrx_word' id='word_1_124' title='bbox 635 2101 838 2152; x_wconf 85' lang='lat' dir='ltr'>Pocula</span> <span class='ocrx_word' id='word_1_125' title='bbox 869 2101 958 2152; x_wconf 93' lang='lat' dir='ltr'>uel</span> <span class='ocrx_word' id='word_1_126' title='bbox 993 2101 1180 2172; x_wconf 90' lang='lat' dir='ltr'>plures</span> <span class='ocrx_word' id='word_1_127' title='bbox 1217 2101 1517 2153; x_wconf 89' lang='lat' dir='ltr'>emeruisse</span> <span class='ocrx_word' id='word_1_128' title='bbox 1551 2102 1737 2166; x_wconf 82' lang='lat' dir='ltr'>uiros3</span> <span class='ocrx_word' id='word_1_129' title='bbox 2184 2103 2253 2156; x_wconf 88' lang='grc'>60</span> 
     </span>
     <span class='ocr_line' id='line_1_22' title="bbox 491 2188 1858 2260; baseline 0.004 -22"><span class='ocrx_word' id='word_1_130' title='bbox 491 2188 646 2239; x_wconf 89' lang='lat' dir='ltr'>Illam</span> <span class='ocrx_word' id='word_1_131' title='bbox 682 2208 845 2260; x_wconf 90' lang='lat' dir='ltr'>saepe</span> <span class='ocrx_word' id='word_1_132' title='bbox 881 2188 1067 2241; x_wconf 79' lang='lat' dir='ltr'>ferunt</span> <span class='ocrx_word' id='word_1_133' title='bbox 1100 2190 1355 2242; x_wconf 89' lang='lat' dir='ltr'>conuiuia</span> <span class='ocrx_word' id='word_1_134' title='bbox 1390 2190 1592 2241; x_wconf 89' lang='lat' dir='ltr'>ducere</span> <span class='ocrx_word' id='word_1_135' title='bbox 1627 2191 1858 2253; x_wconf 90' lang='lat' dir='ltr'>baccho,</span> 
     </span>
     <span class='ocr_line' id='line_1_23' title="bbox 637 2277 1868 2349; baseline 0.002 -21"><span class='ocrx_word' id='word_1_136' title='bbox 637 2278 779 2329; x_wconf 92' lang='lat' dir='ltr'>Dum</span> <span class='ocrx_word' id='word_1_137' title='bbox 815 2288 934 2329; x_wconf 81' lang='lat' dir='ltr'>rota</span> <span class='ocrx_word' id='word_1_138' title='bbox 967 2277 1208 2331; x_wconf 90' lang='lat' dir='ltr'>Luciferi</span> <span class='ocrx_word' id='word_1_139' title='bbox 1243 2289 1512 2349; x_wconf 80' lang='lat' dir='ltr'>prouocet</span> <span class='ocrx_word' id='word_1_140' title='bbox 1545 2289 1665 2330; x_wconf 82' lang='lat' dir='ltr'>orta</span> <span class='ocrx_word' id='word_1_141' title='bbox 1699 2279 1868 2342; x_wconf 89' lang='lat' dir='ltr'>diem,</span> 
     </span>
    </p>
   </div>
   <div class='ocr_carea' id='block_1_4' title="bbox 490 2474 2255 2723">
    <p class='ocr_par' dir='ltr' id='par_1_4' title="bbox 490 2474 2255 2723">
     <span class='ocr_line' id='line_1_24' title="bbox 491 2474 2255 2534; baseline 0.002 -18"><span class='ocrx_word' id='word_1_142' title='bbox 491 2474 624 2527; x_wconf 74' lang='lat' dir='ltr'>serve,</span> <span class='ocrx_word' id='word_1_143' title='bbox 647 2475 810 2532; x_wconf 75' lang='lat' dir='ltr'>malgre</span> <span class='ocrx_word' id='word_1_144' title='bbox 830 2476 870 2517; x_wconf 90' lang='lat' dir='ltr'>le</span> <span class='ocrx_word' id='word_1_145' title='bbox 893 2476 1002 2533; x_wconf 78' lang='lat' dir='ltr'>rejet</span> <span class='ocrx_word' id='word_1_146' title='bbox 1021 2476 1074 2518; x_wconf 91' lang='lat' dir='ltr'>de</span> <span class='ocrx_word' id='word_1_147' title='bbox 1093 2486 1163 2519; x_wconf 86' lang='lat' dir='ltr'>sed</span> <span class='ocrx_word' id='word_1_148' title='bbox 1187 2478 1307 2534; x_wconf 75' lang='lat' dir='ltr'>apres</span> <span class='ocrx_word' id='word_1_149' title='bbox 1330 2478 1434 2519; x_wconf 80' lang='lat' dir='ltr'>trois</span> <span class='ocrx_word' id='word_1_150' title='bbox 1455 2483 1581 2518; x_wconf 85' lang='lat' dir='ltr'>mots.</span> <span class='ocrx_word' id='word_1_151' title='bbox 1606 2502 1664 2509; x_wconf 93' lang='lat'>——</span> <span class='ocrx_word' id='word_1_152' title='bbox 1682 2477 1756 2522; x_wconf 94' lang='lat'>44.</span> <span class='ocrx_word' id='word_1_153' title='bbox 1784 2486 1860 2519; x_wconf 83' lang='lat' dir='ltr'>Sed</span> <span class='ocrx_word' id='word_1_154' title='bbox 1881 2486 2037 2519; x_wconf 77' lang='lat' dir='ltr'>Iatuit...</span> <span class='ocrx_word' id='word_1_155' title='bbox 2063 2486 2255 2528; x_wconf 78' lang='lat' dir='ltr'>adoperta</span> 
     </span>
     <span class='ocr_line' id='line_1_25' title="bbox 490 2542 2255 2602; baseline 0.002 -19"><span class='ocrx_word' id='word_1_156' title='bbox 490 2542 633 2583; x_wconf 86' lang='lat' dir='ltr'>Ambr.</span> <span class='ocrx_word' id='word_1_157' title='bbox 648 2543 693 2588; x_wconf 92' lang='lat' dir='ltr'>V,</span> <span class='ocrx_word' id='word_1_158' title='bbox 720 2542 795 2598; x_wconf 87' lang='lat' dir='ltr'>qui</span> <span class='ocrx_word' id='word_1_159' title='bbox 816 2542 969 2583; x_wconf 88' lang='lat' dir='ltr'>n&#39;offre</span> <span class='ocrx_word' id='word_1_160' title='bbox 989 2558 1062 2599; x_wconf 86' lang='lat' dir='ltr'>pas</span> <span class='ocrx_word' id='word_1_161' title='bbox 1082 2543 1134 2584; x_wconf 88' lang='lat' dir='ltr'>de</span> <span class='ocrx_word' id='word_1_162' title='bbox 1159 2559 1254 2584; x_wconf 91' lang='lat' dir='ltr'>sens</span> <span class='ocrx_word' id='word_1_163' title='bbox 1273 2559 1283 2595; x_wconf 93' lang='lat'>;</span> <span class='ocrx_word' id='word_1_164' title='bbox 1312 2544 1352 2586; x_wconf 86' lang='lat' dir='ltr'>la</span> <span class='ocrx_word' id='word_1_165' title='bbox 1387 2543 1627 2585; x_wconf 80' lang='lat' dir='ltr'>correction</span> <span class='ocrx_word' id='word_1_166' title='bbox 1646 2543 1788 2600; x_wconf 73' lang='lat' dir='ltr'>legere</span> <span class='ocrx_word' id='word_1_167' title='bbox 1813 2559 1897 2600; x_wconf 88' lang='lat' dir='ltr'>que</span> <span class='ocrx_word' id='word_1_168' title='bbox 1917 2543 1964 2600; x_wconf 88' lang='lat' dir='ltr'>je</span> <span class='ocrx_word' id='word_1_169' title='bbox 1986 2559 2168 2602; x_wconf 86' lang='lat' dir='ltr'>propose</span> <span class='ocrx_word' id='word_1_170' title='bbox 2199 2560 2255 2587; x_wconf 85' lang='lat' dir='ltr'>cn</span> 
     </span>
     <span class='ocr_line' id='line_1_26' title="bbox 492 2607 2255 2667; baseline 0.003 -19"><span class='ocrx_word' id='word_1_171' title='bbox 492 2607 636 2649; x_wconf 89' lang='lat' dir='ltr'>donne</span> <span class='ocrx_word' id='word_1_172' title='bbox 651 2623 712 2648; x_wconf 90' lang='lat' dir='ltr'>un</span> <span class='ocrx_word' id='word_1_173' title='bbox 744 2608 1000 2650; x_wconf 83' lang='lat' dir='ltr'>satisfaisant</span> <span class='ocrx_word' id='word_1_174' title='bbox 1022 2609 1131 2664; x_wconf 80' lang='lat' dir='ltr'>(post</span> <span class='ocrx_word' id='word_1_175' title='bbox 1162 2619 1317 2651; x_wconf 81' lang='lat' dir='ltr'>cIausas</span> <span class='ocrx_word' id='word_1_176' title='bbox 1340 2618 1453 2651; x_wconf 79' lang='lat' dir='ltr'>sores</span> <span class='ocrx_word' id='word_1_177' title='bbox 1469 2629 1526 2646; x_wconf 71' lang='lat' dir='ltr'><em>z</em></span> <span class='ocrx_word' id='word_1_178' title='bbox 1542 2625 1628 2650; x_wconf 89' lang='lat' dir='ltr'>une</span> <span class='ocrx_word' id='word_1_179' title='bbox 1660 2610 1743 2651; x_wconf 82' lang='lat' dir='ltr'>fois</span> <span class='ocrx_word' id='word_1_180' title='bbox 1766 2609 1806 2651; x_wconf 88' lang='lat' dir='ltr'>la</span> <span class='ocrx_word' id='word_1_181' title='bbox 1827 2615 1950 2666; x_wconf 81' lang='lat' dir='ltr'>porte</span> <span class='ocrx_word' id='word_1_182' title='bbox 1990 2611 2174 2667; x_wconf 75' lang='lat' dir='ltr'>fermee)</span> <span class='ocrx_word' id='word_1_183' title='bbox 2197 2636 2255 2643; x_wconf 95' lang='lat'><strong>—</strong></span> 
     </span>
     <span class='ocr_line' id='line_1_27' title="bbox 492 2674 1665 2723; baseline 0.003 -9"><span class='ocrx_word' id='word_1_184' title='bbox 492 2683 647 2715; x_wconf 82' lang='lat' dir='ltr'>c1ausas</span> <span class='ocrx_word' id='word_1_185' title='bbox 675 2674 723 2721; x_wconf 93' lang='lat' dir='ltr'>G,</span> <span class='ocrx_word' id='word_1_186' title='bbox 753 2684 907 2716; x_wconf 82' lang='lat' dir='ltr'>cIausos</span> <span class='ocrx_word' id='word_1_187' title='bbox 928 2675 1069 2717; x_wconf 82' lang='lat' dir='ltr'>Ambr.</span> <span class='ocrx_word' id='word_1_188' title='bbox 1085 2677 1130 2723; x_wconf 91' lang='lat' dir='ltr'>V,</span> <span class='ocrx_word' id='word_1_189' title='bbox 1162 2676 1278 2717; x_wconf 78' lang='lat' dir='ltr'>faute</span> <span class='ocrx_word' id='word_1_190' title='bbox 1303 2675 1665 2717; x_wconf 83' lang='lat' dir='ltr'>d&#39;inadvertance.</span> 
     </span>
    </p>
   </div>
   <div class='ocr_carea' id='block_1_5' title="bbox 1151 2807 1588 2852">
    <p class='ocr_par' dir='ltr' id='par_1_5' title="bbox 1151 2807 1588 2852">
     <span class='ocr_line' id='line_1_28' title="bbox 1151 2807 1588 2852; baseline -0.005 -1"><span class='ocrx_word' id='word_1_191' title='bbox 1151 2807 1304 2852; x_wconf 82' lang='lat'>45-46.</span> <span class='ocrx_word' id='word_1_192' title='bbox 1336 2809 1439 2850; x_wconf 66' lang='lat' dir='ltr'>Esco.</span> <span class='ocrx_word' id='word_1_193' title='bbox 1478 2808 1588 2850; x_wconf 84' lang='lat' dir='ltr'>Fris.</span> 
     </span>
    </p>
   </div>
   <div class='ocr_carea' id='block_1_6' title="bbox 491 2909 2257 3040">
    <p class='ocr_par' dir='ltr' id='par_1_6' title="bbox 491 2909 2257 3040">
     <span class='ocr_line' id='line_1_29' title="bbox 548 2909 2257 2977; baseline 0.003 -19"><span class='ocrx_word' id='word_1_194' title='bbox 548 2916 622 2962; x_wconf 87' lang='lat'>45.</span> <span class='ocrx_word' id='word_1_195' title='bbox 648 2909 748 2958; x_wconf 64' lang='lat' dir='ltr'>&gt;Tum</span> <span class='ocrx_word' id='word_1_196' title='bbox 770 2917 910 2959; x_wconf 78' lang='lat' dir='ltr'>Ambr.</span> <span class='ocrx_word' id='word_1_197' title='bbox 926 2919 971 2964; x_wconf 93' lang='lat' dir='ltr'>V,</span> <span class='ocrx_word' id='word_1_198' title='bbox 999 2926 1028 2959; x_wconf 92' lang='grc' dir='ltr'>ο</span> <span class='ocrx_word' id='word_1_199' title='bbox 1044 2919 1146 2959; x_wconf 67' lang='lat' dir='ltr'>Eme.</span> <span class='ocrx_word' id='word_1_200' title='bbox 1171 2917 1299 2964; x_wconf 63' lang='lat' dir='ltr'>Fris„</span> <span class='ocrx_word' id='word_1_201' title='bbox 1329 2918 1405 2974; x_wconf 84' lang='lat' dir='ltr'>qui</span> <span class='ocrx_word' id='word_1_202' title='bbox 1429 2918 1567 2974; x_wconf 80' lang='lat' dir='ltr'>parait</span> <span class='ocrx_word' id='word_1_203' title='bbox 1590 2917 1679 2959; x_wconf 69' lang='lat' dir='ltr'>etro</span> <span class='ocrx_word' id='word_1_204' title='bbox 1692 2933 1779 2959; x_wconf 90' lang='lat' dir='ltr'>une</span> <span class='ocrx_word' id='word_1_205' title='bbox 1805 2918 2114 2976; x_wconf 81' lang='lat' dir='ltr'>interpolation</span> <span class='ocrx_word' id='word_1_206' title='bbox 2145 2934 2257 2977; x_wconf 90' lang='lat' dir='ltr'>pour</span> 
     </span>
     <span class='ocr_line' id='line_1_30' title="bbox 491 2982 2257 3040; baseline 0.002 -15"><span class='ocrx_word' id='word_1_207' title='bbox 491 2982 657 3025; x_wconf 89' lang='lat' dir='ltr'>donner</span> <span class='ocrx_word' id='word_1_208' title='bbox 676 2998 731 3024; x_wconf 87' lang='lat' dir='ltr'>au</span> <span class='ocrx_word' id='word_1_209' title='bbox 755 2982 942 3040; x_wconf 82' lang='lat' dir='ltr'>distique</span> <span class='ocrx_word' id='word_1_210' title='bbox 963 2998 1048 3024; x_wconf 88' lang='lat' dir='ltr'>une</span> <span class='ocrx_word' id='word_1_211' title='bbox 1073 2983 1285 3025; x_wconf 82' lang='lat' dir='ltr'>existence</span> <span class='ocrx_word' id='word_1_212' title='bbox 1317 2982 1634 3040; x_wconf 71' lang='lat' dir='ltr'>independantc</span> <span class='ocrx_word' id='word_1_213' title='bbox 1655 3009 1708 3015; x_wconf 88' lang='lat'>-</span> <span class='ocrx_word' id='word_1_214' title='bbox 1733 2993 1911 3027; x_wconf 78' lang='lat' dir='ltr'>confisus</span> <span class='ocrx_word' id='word_1_215' title='bbox 1926 2986 2069 3028; x_wconf 82' lang='lat' dir='ltr'>Ambr.</span> <span class='ocrx_word' id='word_1_216' title='bbox 2085 2988 2134 3035; x_wconf 91' lang='lat' dir='ltr'>V,</span> <span class='ocrx_word' id='word_1_217' title='bbox 2161 3002 2257 3029; x_wconf 83' lang='lat' dir='ltr'>con-</span> 
     </span>
    </p>
   </div>
   <div class='ocr_carea' id='block_1_7' title="bbox 492 3049 2256 3157">
    <p class='ocr_par' dir='ltr' id='par_1_7' title="bbox 492 3049 2256 3157">
     <span class='ocr_line' id='line_1_31' title="bbox 492 3049 2256 3104; baseline 0.003 -14"><span class='ocrx_word' id='word_1_218' title='bbox 492 3058 602 3090; x_wconf 72' lang='lat' dir='ltr'>fixus</span> <span class='ocrx_word' id='word_1_219' title='bbox 624 3051 726 3091; x_wconf 74' lang='lat' dir='ltr'>Eoec.</span> <span class='ocrx_word' id='word_1_220' title='bbox 751 3050 880 3098; x_wconf 64' lang='lat' dir='ltr'>Fris„</span> <span class='ocrx_word' id='word_1_221' title='bbox 908 3050 1135 3091; x_wconf 87' lang='lat' dir='ltr'>confusion</span> <span class='ocrx_word' id='word_1_222' title='bbox 1159 3049 1211 3091; x_wconf 85' lang='lat' dir='ltr'>de</span> <span class='ocrx_word' id='word_1_223' title='bbox 1234 3065 1254 3092; x_wconf 82' lang='lat' dir='ltr'>s</span> <span class='ocrx_word' id='word_1_224' title='bbox 1277 3055 1320 3091; x_wconf 85' lang='lat' dir='ltr'>et</span> <span class='ocrx_word' id='word_1_225' title='bbox 1343 3049 1395 3090; x_wconf 84' lang='lat' dir='ltr'>de</span> <span class='ocrx_word' id='word_1_226' title='bbox 1413 3065 1459 3091; x_wconf 66' lang='lat' dir='ltr'>a).</span> <span class='ocrx_word' id='word_1_227' title='bbox 1475 3075 1528 3082; x_wconf 85' lang='lat'>--</span> <span class='ocrx_word' id='word_1_228' title='bbox 1548 3050 1621 3095; x_wconf 89' lang='lat'>48.</span> <span class='ocrx_word' id='word_1_229' title='bbox 1648 3060 1696 3092; x_wconf 82' lang='grc' dir='ltr'>Εε</span> <span class='ocrx_word' id='word_1_230' title='bbox 1715 3051 1856 3093; x_wconf 81' lang='lat' dir='ltr'>Ambr.</span> <span class='ocrx_word' id='word_1_231' title='bbox 1873 3053 1916 3100; x_wconf 90' lang='lat' dir='ltr'>V,</span> <span class='ocrx_word' id='word_1_232' title='bbox 1942 3061 1995 3094; x_wconf 83' lang='lat' dir='ltr'>At</span> <span class='ocrx_word' id='word_1_233' title='bbox 2017 3053 2074 3104; x_wconf 63' lang='grc' dir='ltr'>(ζ’,</span> <span class='ocrx_word' id='word_1_234' title='bbox 2090 3067 2256 3095; x_wconf 84' lang='lat' dir='ltr'>correc-</span> 
     </span>
     <span class='ocr_line' id='line_1_32' title="bbox 493 3114 778 3157; baseline 0 -1"><span class='ocrx_word' id='word_1_235' title='bbox 493 3114 586 3157; x_wconf 83' lang='lat' dir='ltr'>tion</span> <span class='ocrx_word' id='word_1_236' title='bbox 606 3115 778 3157; x_wconf 83' lang='lat' dir='ltr'>inutile.</span> 
     </span>
    </p>
   </div>
   <div class='ocr_carea' id='block_1_8' title="bbox 1160 3181 1584 3227">
    <p class='ocr_par' dir='ltr' id='par_1_8' title="bbox 1160 3181 1584 3227">
     <span class='ocr_line' id='line_1_33' title="bbox 1160 3181 1584 3227; baseline -0.009 0"><span class='ocrx_word' id='word_1_237' title='bbox 1160 3181 1312 3227; x_wconf 86' lang='grc'>51-52.</span> <span class='ocrx_word' id='word_1_238' title='bbox 1344 3183 1447 3224; x_wconf 67' lang='lat' dir='ltr'>Eme.</span> <span class='ocrx_word' id='word_1_239' title='bbox 1480 3183 1584 3224; x_wconf 81' lang='lat' dir='ltr'>Pczr.</span> 
     </span>
    </p>
   </div>
   <div class='ocr_carea' id='block_1_9' title="bbox 496 3291 2265 3483">
    <p class='ocr_par' dir='ltr' id='par_1_9' title="bbox 496 3291 2265 3483">
     <span class='ocr_line' id='line_1_34' title="bbox 554 3291 2260 3354; baseline 0.002 -19"><span class='ocrx_word' id='word_1_240' title='bbox 554 3291 626 3335; x_wconf 84' lang='lat'>51.</span> <span class='ocrx_word' id='word_1_241' title='bbox 657 3301 712 3348; x_wconf 70' lang='lat' dir='ltr'>Tu</span> <span class='ocrx_word' id='word_1_242' title='bbox 731 3301 872 3340; x_wconf 75' lang='lat' dir='ltr'>procul</span> <span class='ocrx_word' id='word_1_243' title='bbox 888 3301 982 3333; x_wconf 80' lang='lat' dir='ltr'>hinc</span> <span class='ocrx_word' id='word_1_244' title='bbox 998 3301 1104 3334; x_wconf 81' lang='lat' dir='ltr'>absis</span> <span class='ocrx_word' id='word_1_245' title='bbox 1129 3293 1270 3336; x_wconf 77' lang='lat' dir='ltr'>Ambr.</span> <span class='ocrx_word' id='word_1_246' title='bbox 1285 3295 1332 3340; x_wconf 94' lang='lat' dir='ltr'>V,</span> <span class='ocrx_word' id='word_1_247' title='bbox 1360 3301 1418 3334; x_wconf 76' lang='lat' dir='ltr'>Sit</span> <span class='ocrx_word' id='word_1_248' title='bbox 1438 3302 1579 3341; x_wconf 82' lang='lat' dir='ltr'>procul</span> <span class='ocrx_word' id='word_1_249' title='bbox 1601 3309 1623 3333; x_wconf 86' lang='lat' dir='ltr'>a</span> <span class='ocrx_word' id='word_1_250' title='bbox 1643 3303 1759 3336; x_wconf 86' lang='lat' dir='ltr'>nobis</span> <span class='ocrx_word' id='word_1_251' title='bbox 1784 3295 1888 3338; x_wconf 63' lang='lat' dir='ltr'>Enoc.</span> <span class='ocrx_word' id='word_1_252' title='bbox 1911 3296 2033 3343; x_wconf 73' lang='lat' dir='ltr'>Par„</span> <span class='ocrx_word' id='word_1_253' title='bbox 2067 3295 2260 3354; x_wconf 76' lang='lat' dir='ltr'>interpo-</span> 
     </span>
     <span class='ocr_line' id='line_1_35' title="bbox 496 3357 2257 3418; baseline 0.004 -20"><span class='ocrx_word' id='word_1_254' title='bbox 496 3357 629 3399; x_wconf 84' lang='lat' dir='ltr'>lation</span> <span class='ocrx_word' id='word_1_255' title='bbox 665 3372 776 3414; x_wconf 88' lang='lat' dir='ltr'>pour</span> <span class='ocrx_word' id='word_1_256' title='bbox 809 3358 976 3400; x_wconf 84' lang='lat' dir='ltr'>donner</span> <span class='ocrx_word' id='word_1_257' title='bbox 1009 3374 1064 3400; x_wconf 89' lang='lat' dir='ltr'>au</span> <span class='ocrx_word' id='word_1_258' title='bbox 1103 3359 1289 3416; x_wconf 84' lang='lat' dir='ltr'>distique</span> <span class='ocrx_word' id='word_1_259' title='bbox 1320 3374 1405 3400; x_wconf 89' lang='lat' dir='ltr'>une</span> <span class='ocrx_word' id='word_1_260' title='bbox 1443 3359 1656 3401; x_wconf 81' lang='lat' dir='ltr'>existence</span> <span class='ocrx_word' id='word_1_261' title='bbox 1694 3359 2028 3418; x_wconf 73' lang='lat' dir='ltr'>independante,</span> <span class='ocrx_word' id='word_1_262' title='bbox 2070 3362 2126 3404; x_wconf 87' lang='lat' dir='ltr'>cf.</span> <span class='ocrx_word' id='word_1_263' title='bbox 2161 3362 2181 3405; x_wconf 93' lang='lat' dir='ltr'>I</span> <span class='ocrx_word' id='word_1_264' title='bbox 2215 3377 2257 3413; x_wconf 82' lang='lat'>2,</span> 
     </span>
     <span class='ocr_line' id='line_1_36' title="bbox 498 3421 2265 3483; baseline 0.003 -18"><span class='ocrx_word' id='word_1_265' title='bbox 498 3423 572 3480; x_wconf 81' lang='lat'>87,</span> <span class='ocrx_word' id='word_1_266' title='bbox 600 3421 642 3475; x_wconf 88' lang='grc'>3,</span> <span class='ocrx_word' id='word_1_267' title='bbox 665 3422 737 3466; x_wconf 85' lang='grc'>83.</span> <span class='ocrx_word' id='word_1_268' title='bbox 761 3448 818 3456; x_wconf 88' lang='grc'>-·</span> <span class='ocrx_word' id='word_1_269' title='bbox 838 3424 910 3469; x_wconf 87' lang='grc'>61.</span> <span class='ocrx_word' id='word_1_270' title='bbox 931 3433 1113 3467; x_wconf 75' lang='lat' dir='ltr'>conuiuia</span> <span class='ocrx_word' id='word_1_271' title='bbox 1147 3425 1314 3483; x_wconf 70' lang='lat' dir='ltr'>corrige</span> <span class='ocrx_word' id='word_1_272' title='bbox 1349 3425 1453 3466; x_wconf 89' lang='lat' dir='ltr'>dans</span> <span class='ocrx_word' id='word_1_273' title='bbox 1486 3426 1519 3467; x_wconf 94' lang='lat' dir='ltr'><em>V</em></span> <span class='ocrx_word' id='word_1_274' title='bbox 1541 3425 1593 3468; x_wconf 86' lang='lat' dir='ltr'>de</span> <span class='ocrx_word' id='word_1_275' title='bbox 1633 3435 1853 3474; x_wconf 80' lang='lat' dir='ltr'>conuiuam,</span> <span class='ocrx_word' id='word_1_276' title='bbox 1885 3427 2002 3470; x_wconf 82' lang='lat' dir='ltr'>faute</span> <span class='ocrx_word' id='word_1_277' title='bbox 2030 3427 2082 3475; x_wconf 69' lang='lat' dir='ltr'>dc</span> <span class='ocrx_word' id='word_1_278' title='bbox 2103 3428 2265 3471; x_wconf 78' lang='lat' dir='ltr'>lecturo</span> 
     </span>
    </p>
   </div>
  </div>
 </body>
</html>
