<?xml version="1.0" encoding="UTF-8"?>
<!DOCTYPE html PUBLIC "-//W3C//DTD XHTML 1.0 Transitional//EN"
    "http://www.w3.org/TR/xhtml1/DTD/xhtml1-transitional.dtd">
<html xmlns="http://www.w3.org/1999/xhtml" xml:lang="en" lang="en">
 <head>
  <title>
</title>
<meta http-equiv="Content-Type" content="text/html;charset=utf-8" />
  <meta name='ocr-system' content='tesseract 3.04.00' />
  <meta name='ocr-capabilities' content='ocr_page ocr_carea ocr_par ocr_line ocrx_word'/>
</head>
<body>
  <div class='ocr_page' id='page_1' title='image "./tibulleetlesaute00tibuuoft_0249.png"; bbox 0 0 2384 4062; ppageno 0'>
   <div class='ocr_carea' id='block_1_1' title="bbox 16 0 140 96">
    <p class='ocr_par' dir='ltr' id='par_1_1' title="bbox 16 0 140 96">
     <span class='ocr_line' id='line_1_1' title="bbox 16 0 140 96; baseline 0 3966"><span class='ocrx_word' id='word_1_1' title='bbox 16 0 140 96; x_wconf 95' lang='lat' dir='ltr'><strong> </strong></span> 
     </span>
    </p>
   </div>
   <div class='ocr_carea' id='block_1_2' title="bbox 965 415 1991 467">
    <p class='ocr_par' dir='ltr' id='par_1_2' title="bbox 965 415 1991 467">
     <span class='ocr_line' id='line_1_2' title="bbox 965 415 1991 467; baseline 0.005 -5"><span class='ocrx_word' id='word_1_2' title='bbox 965 430 1238 464; x_wconf 76' lang='lat' dir='ltr'><strong>LYGDAMUS</strong></span> <span class='ocrx_word' id='word_1_3' title='bbox 1889 415 1991 467; x_wconf 84' lang='lat'><strong>235</strong></span> 
     </span>
    </p>
   </div>
   <div class='ocr_carea' id='block_1_3' title="bbox 206 536 2002 2126">
    <p class='ocr_par' dir='ltr' id='par_1_3' title="bbox 206 536 2002 2126">
     <span class='ocr_line' id='line_1_3' title="bbox 206 536 1416 611; baseline -0.003 -19"><span class='ocrx_word' id='word_1_4' title='bbox 206 538 328 592; x_wconf 88' lang='lat' dir='ltr'><strong>Etsi</strong></span> <span class='ocrx_word' id='word_1_5' title='bbox 353 558 567 611; x_wconf 83' lang='lat' dir='ltr'><strong>perque</strong></span> <span class='ocrx_word' id='word_1_6' title='bbox 604 558 732 591; x_wconf 92' lang='lat' dir='ltr'><strong>suos</strong></span> <span class='ocrx_word' id='word_1_7' title='bbox 768 536 935 590; x_wconf 84' lang='lat' dir='ltr'>fallax</span> <span class='ocrx_word' id='word_1_8' title='bbox 967 537 1175 589; x_wconf 88' lang='lat' dir='ltr'><strong>iurauit</strong></span> <span class='ocrx_word' id='word_1_9' title='bbox 1208 536 1416 589; x_wconf 81' lang='lat' dir='ltr'>ocellos</span> 
     </span>
     <span class='ocr_line' id='line_1_4' title="bbox 357 623 1696 698; baseline -0.002 -18"><span class='ocrx_word' id='word_1_10' title='bbox 357 629 737 698; x_wconf 89' lang='lat' dir='ltr'><strong>Iunonemque</strong></span> <span class='ocrx_word' id='word_1_11' title='bbox 772 646 923 679; x_wconf 89' lang='lat' dir='ltr'><strong>suam</strong></span> <span class='ocrx_word' id='word_1_12' title='bbox 962 623 1173 698; x_wconf 79' lang='lat' dir='ltr'><strong>Perque</strong></span> <span class='ocrx_word' id='word_1_13' title='bbox 1211 645 1364 677; x_wconf 90' lang='lat' dir='ltr'><strong>suam</strong></span> <span class='ocrx_word' id='word_1_14' title='bbox 1400 627 1696 689; x_wconf 85' lang='lat' dir='ltr'><strong>Venerem,</strong></span> 
     </span>
     <span class='ocr_line' id='line_1_5' title="bbox 206 704 1568 787; baseline -0.002 -18"><span class='ocrx_word' id='word_1_15' title='bbox 206 716 370 771; x_wconf 92' lang='lat' dir='ltr'><strong>Nulla</strong></span> <span class='ocrx_word' id='word_1_16' title='bbox 402 716 541 769; x_wconf 90' lang='lat' dir='ltr'><strong>fides</strong></span> <span class='ocrx_word' id='word_1_17' title='bbox 575 716 777 769; x_wconf 86' lang='lat' dir='ltr'><strong>inerit:</strong></span> <span class='ocrx_word' id='word_1_18' title='bbox 820 704 1069 787; x_wconf 75' lang='lat' dir='ltr'><strong>periuria</strong></span> <span class='ocrx_word' id='word_1_19' title='bbox 1105 714 1252 767; x_wconf 89' lang='lat' dir='ltr'><strong>ridet</strong></span> <span class='ocrx_word' id='word_1_20' title='bbox 1286 726 1568 767; x_wconf 81' lang='lat' dir='ltr'>amantum</span> 
     </span>
     <span class='ocr_line' id='line_1_6' title="bbox 361 800 1996 878; baseline -0.001 -20"><span class='ocrx_word' id='word_1_21' title='bbox 361 800 614 878; x_wconf 88' lang='lat' dir='ltr'><strong>Iuppiter</strong></span> <span class='ocrx_word' id='word_1_22' title='bbox 642 816 697 857; x_wconf 92' lang='lat' dir='ltr'><strong>et</strong></span> <span class='ocrx_word' id='word_1_23' title='bbox 728 816 927 857; x_wconf 89' lang='lat' dir='ltr'><strong>uentos</strong></span> <span class='ocrx_word' id='word_1_24' title='bbox 962 803 1122 856; x_wconf 87' lang='lat' dir='ltr'><strong>irrita</strong></span> <span class='ocrx_word' id='word_1_25' title='bbox 1156 802 1304 855; x_wconf 88' lang='lat' dir='ltr'><strong>ferre</strong></span> <span class='ocrx_word' id='word_1_26' title='bbox 1339 804 1515 855; x_wconf 88' lang='lat' dir='ltr'><strong>iubet.</strong></span> <span class='ocrx_word' id='word_1_27' title='bbox 1927 823 1996 856; x_wconf 74' lang='lat' dir='ltr'><strong>oo</strong></span> 
     </span>
     <span class='ocr_line' id='line_1_7' title="bbox 213 891 1486 969; baseline -0.004 -21"><span class='ocrx_word' id='word_1_28' title='bbox 213 896 364 969; x_wconf 84' lang='lat' dir='ltr'><strong>Ergo</strong></span> <span class='ocrx_word' id='word_1_29' title='bbox 399 895 535 967; x_wconf 86' lang='lat' dir='ltr'><strong>quid</strong></span> <span class='ocrx_word' id='word_1_30' title='bbox 565 894 772 947; x_wconf 88' lang='lat' dir='ltr'><strong>totiens</strong></span> <span class='ocrx_word' id='word_1_31' title='bbox 807 892 1022 946; x_wconf 88' lang='lat' dir='ltr'><strong>fallacis</strong></span> <span class='ocrx_word' id='word_1_32' title='bbox 1057 894 1232 945; x_wconf 91' lang='lat' dir='ltr'><strong>uerba</strong></span> <span class='ocrx_word' id='word_1_33' title='bbox 1267 891 1486 964; x_wconf 86' lang='lat' dir='ltr'><strong>puellae</strong></span> 
     </span>
     <span class='ocr_line' id='line_1_8' title="bbox 362 982 1731 1055; baseline -0.003 -19"><span class='ocrx_word' id='word_1_34' title='bbox 362 984 736 1055; x_wconf 82' lang='lat' dir='ltr'><strong>Conqueror?</strong></span> <span class='ocrx_word' id='word_1_35' title='bbox 771 984 854 1035; x_wconf 92' lang='lat' dir='ltr'><strong>Ite</strong></span> <span class='ocrx_word' id='word_1_36' title='bbox 890 1002 918 1034; x_wconf 92' lang='lat' dir='ltr'><strong>a</strong></span> <span class='ocrx_word' id='word_1_37' title='bbox 953 1002 1060 1044; x_wconf 87' lang='lat' dir='ltr'><strong>me,</strong></span> <span class='ocrx_word' id='word_1_38' title='bbox 1101 982 1246 1033; x_wconf 86' lang='lat' dir='ltr'><strong>seria</strong></span> <span class='ocrx_word' id='word_1_39' title='bbox 1279 982 1474 1043; x_wconf 80' lang='lat' dir='ltr'><strong>uerba,</strong></span> <span class='ocrx_word' id='word_1_40' title='bbox 1511 1000 1731 1052; x_wconf 88' lang='lat' dir='ltr'><strong>precor.</strong></span> 
     </span>
     <span class='ocr_line' id='line_1_9' title="bbox 215 1070 1706 1145; baseline -0.002 -20"><span class='ocrx_word' id='word_1_41' title='bbox 215 1073 395 1140; x_wconf 87' lang='lat' dir='ltr'><strong>Quam</strong></span> <span class='ocrx_word' id='word_1_42' title='bbox 428 1072 632 1125; x_wconf 92' lang='lat' dir='ltr'><strong>uellem</strong></span> <span class='ocrx_word' id='word_1_43' title='bbox 665 1083 849 1125; x_wconf 85' lang='lat' dir='ltr'><strong>tecum</strong></span> <span class='ocrx_word' id='word_1_44' title='bbox 885 1071 1083 1145; x_wconf 82' lang='lat' dir='ltr'><strong>longas</strong></span> <span class='ocrx_word' id='word_1_45' title='bbox 1119 1070 1476 1142; x_wconf 85' lang='lat' dir='ltr'><strong>requiescere</strong></span> <span class='ocrx_word' id='word_1_46' title='bbox 1511 1081 1706 1123; x_wconf 90' lang='lat' dir='ltr'><strong>noctes</strong></span> 
     </span>
     <span class='ocr_line' id='line_1_10' title="bbox 362 1159 1443 1235; baseline -0.003 -21"><span class='ocrx_word' id='word_1_47' title='bbox 362 1163 434 1214; x_wconf 92' lang='lat' dir='ltr'><strong>Et</strong></span> <span class='ocrx_word' id='word_1_48' title='bbox 466 1173 651 1214; x_wconf 89' lang='lat' dir='ltr'><strong>tecum</strong></span> <span class='ocrx_word' id='word_1_49' title='bbox 684 1161 885 1235; x_wconf 83' lang='lat' dir='ltr'><strong>longos</strong></span> <span class='ocrx_word' id='word_1_50' title='bbox 920 1159 1264 1234; x_wconf 83' lang='lat' dir='ltr'><strong>peruigilare</strong></span> <span class='ocrx_word' id='word_1_51' title='bbox 1302 1159 1443 1222; x_wconf 87' lang='lat' dir='ltr'><strong>dies,</strong></span> 
     </span>
     <span class='ocr_line' id='line_1_11' title="bbox 214 1249 1999 1311; baseline -0.002 -7"><span class='ocrx_word' id='word_1_52' title='bbox 214 1250 434 1305; x_wconf 86' lang='lat' dir='ltr'><strong>Perfida</strong></span> <span class='ocrx_word' id='word_1_53' title='bbox 466 1271 569 1303; x_wconf 90' lang='lat' dir='ltr'><strong>nec</strong></span> <span class='ocrx_word' id='word_1_54' title='bbox 603 1250 803 1303; x_wconf 89' lang='lat' dir='ltr'><strong>merito</strong></span> <span class='ocrx_word' id='word_1_55' title='bbox 840 1250 1003 1303; x_wconf 89' lang='lat' dir='ltr'><strong>nobis</strong></span> <span class='ocrx_word' id='word_1_56' title='bbox 1038 1249 1265 1302; x_wconf 90' lang='lat' dir='ltr'><strong>inimica</strong></span> <span class='ocrx_word' id='word_1_57' title='bbox 1301 1249 1561 1311; x_wconf 88' lang='lat' dir='ltr'><strong>merenti,</strong></span> <span class='ocrx_word' id='word_1_58' title='bbox 1932 1250 1999 1301; x_wconf 87' lang='grc'><strong>55</strong></span> 
     </span>
     <span class='ocr_line' id='line_1_12' title="bbox 362 1338 1754 1411; baseline -0.002 -18"><span class='ocrx_word' id='word_1_59' title='bbox 362 1340 603 1403; x_wconf 87' lang='lat' dir='ltr'><strong>Perfida,</strong></span> <span class='ocrx_word' id='word_1_60' title='bbox 643 1339 762 1402; x_wconf 87' lang='lat' dir='ltr'><strong>sed,</strong></span> <span class='ocrx_word' id='word_1_61' title='bbox 801 1338 1056 1411; x_wconf 86' lang='lat' dir='ltr'><strong>quamuis</strong></span> <span class='ocrx_word' id='word_1_62' title='bbox 1093 1338 1327 1411; x_wconf 87' lang='lat' dir='ltr'><strong>perfida,</strong></span> <span class='ocrx_word' id='word_1_63' title='bbox 1368 1358 1495 1391; x_wconf 90' lang='lat' dir='ltr'><strong>cara</strong></span> <span class='ocrx_word' id='word_1_64' title='bbox 1527 1338 1754 1390; x_wconf 82' lang='lat' dir='ltr'><strong>tamen!</strong></span> 
     </span>
     <span class='ocr_line' id='line_1_13' title="bbox 214 1427 1731 1491; baseline -0.003 -8"><span class='ocrx_word' id='word_1_65' title='bbox 214 1429 391 1484; x_wconf 89' lang='lat' dir='ltr'><strong>Naida</strong></span> <span class='ocrx_word' id='word_1_66' title='bbox 423 1429 674 1482; x_wconf 87' lang='lat' dir='ltr'><strong>Bacchus</strong></span> <span class='ocrx_word' id='word_1_67' title='bbox 711 1439 888 1481; x_wconf 90' lang='lat' dir='ltr'><strong>amat:</strong></span> <span class='ocrx_word' id='word_1_68' title='bbox 929 1448 1135 1491; x_wconf 82' lang='lat' dir='ltr'><strong>cessaS‚</strong></span> <span class='ocrx_word' id='word_1_69' title='bbox 1175 1448 1206 1480; x_wconf 95' lang='lat' dir='ltr'><strong>o</strong></span> <span class='ocrx_word' id='word_1_70' title='bbox 1242 1427 1393 1479; x_wconf 87' lang='lat' dir='ltr'><strong>lente</strong></span> <span class='ocrx_word' id='word_1_71' title='bbox 1429 1427 1731 1480; x_wconf 83' lang='lat' dir='ltr'><strong>minister?</strong></span> 
     </span>
     <span class='ocr_line' id='line_1_14' title="bbox 363 1517 1747 1591; baseline -0.001 -21"><span class='ocrx_word' id='word_1_72' title='bbox 363 1520 663 1591; x_wconf 89' lang='lat' dir='ltr'><strong>Temperet</strong></span> <span class='ocrx_word' id='word_1_73' title='bbox 698 1537 970 1570; x_wconf 90' lang='lat' dir='ltr'><strong>annosum</strong></span> <span class='ocrx_word' id='word_1_74' title='bbox 1005 1518 1212 1570; x_wconf 80' lang='lat' dir='ltr'><strong>Marcia</strong></span> <span class='ocrx_word' id='word_1_75' title='bbox 1248 1517 1476 1589; x_wconf 87' lang='lat' dir='ltr'><strong>lympha</strong></span> <span class='ocrx_word' id='word_1_76' title='bbox 1511 1537 1747 1569; x_wconf 89' lang='lat' dir='ltr'><strong>merum.</strong></span> 
     </span>
     <span class='ocr_line' id='line_1_15' title="bbox 218 1607 1581 1682; baseline -0.002 -21"><span class='ocrx_word' id='word_1_77' title='bbox 218 1609 340 1662; x_wconf 91' lang='lat' dir='ltr'><strong>Non</strong></span> <span class='ocrx_word' id='word_1_78' title='bbox 375 1627 500 1682; x_wconf 86' lang='lat' dir='ltr'><strong>ego,</strong></span> <span class='ocrx_word' id='word_1_79' title='bbox 539 1607 586 1660; x_wconf 90' lang='lat' dir='ltr'><strong>si</strong></span> <span class='ocrx_word' id='word_1_80' title='bbox 619 1607 764 1682; x_wconf 82' lang='lat' dir='ltr'><strong>fugit</strong></span> <span class='ocrx_word' id='word_1_81' title='bbox 798 1618 1024 1659; x_wconf 91' lang='lat' dir='ltr'><strong>nostrae</strong></span> <span class='ocrx_word' id='word_1_82' title='bbox 1061 1607 1320 1659; x_wconf 91' lang='lat' dir='ltr'><strong>conuiuia</strong></span> <span class='ocrx_word' id='word_1_83' title='bbox 1357 1626 1581 1658; x_wconf 85' lang='lat' dir='ltr'><strong>mensae</strong></span> 
     </span>
     <span class='ocr_line' id='line_1_16' title="bbox 364 1695 2002 1771; baseline -0.002 -22"><span class='ocrx_word' id='word_1_84' title='bbox 364 1698 624 1771; x_wconf 85' lang='lat' dir='ltr'><strong>Ignotum</strong></span> <span class='ocrx_word' id='word_1_85' title='bbox 660 1697 892 1769; x_wconf 89' lang='lat' dir='ltr'><strong>cupiens</strong></span> <span class='ocrx_word' id='word_1_86' title='bbox 926 1717 1068 1749; x_wconf 90' lang='lat' dir='ltr'><strong>uana</strong></span> <span class='ocrx_word' id='word_1_87' title='bbox 1103 1696 1291 1769; x_wconf 88' lang='lat' dir='ltr'><strong>puella</strong></span> <span class='ocrx_word' id='word_1_88' title='bbox 1326 1707 1532 1759; x_wconf 88' lang='lat' dir='ltr'><strong>torum,</strong></span> <span class='ocrx_word' id='word_1_89' title='bbox 1932 1695 2002 1747; x_wconf 84' lang='grc'><strong>60</strong></span> 
     </span>
     <span class='ocr_line' id='line_1_17' title="bbox 222 1785 1459 1859; baseline -0.002 -20"><span class='ocrx_word' id='word_1_90' title='bbox 222 1785 510 1840; x_wconf 90' lang='lat' dir='ltr'><strong>Sollicitus</strong></span> <span class='ocrx_word' id='word_1_91' title='bbox 544 1797 795 1859; x_wconf 79' lang='lat' dir='ltr'><strong>repetam</strong></span> <span class='ocrx_word' id='word_1_92' title='bbox 829 1797 947 1839; x_wconf 90' lang='lat' dir='ltr'><strong>tota</strong></span> <span class='ocrx_word' id='word_1_93' title='bbox 981 1786 1459 1858; x_wconf 76' lang='lat' dir='ltr'><strong>suspiria&#39;nocte3</strong></span> 
     </span>
     <span class='ocr_line' id='line_1_18' title="bbox 366 1874 1736 1948; baseline -0.001 -20"><span class='ocrx_word' id='word_1_94' title='bbox 366 1877 448 1928; x_wconf 93' lang='lat' dir='ltr'><strong>Tu</strong></span> <span class='ocrx_word' id='word_1_95' title='bbox 483 1896 642 1948; x_wconf 90' lang='lat' dir='ltr'><strong>puer,</strong></span> <span class='ocrx_word' id='word_1_96' title='bbox 680 1876 719 1939; x_wconf 89' lang='lat' dir='ltr'><strong>i,</strong></span> <span class='ocrx_word' id='word_1_97' title='bbox 757 1876 1034 1948; x_wconf 87' lang='lat' dir='ltr'><strong>liquidum</strong></span> <span class='ocrx_word' id='word_1_98' title='bbox 1070 1874 1271 1928; x_wconf 89' lang='lat' dir='ltr'><strong>fortius</strong></span> <span class='ocrx_word' id='word_1_99' title='bbox 1309 1875 1451 1928; x_wconf 88' lang='lat' dir='ltr'><strong>adde</strong></span> <span class='ocrx_word' id='word_1_100' title='bbox 1486 1894 1736 1938; x_wconf 81' lang='lat' dir='ltr'><strong>merum3</strong></span> 
     </span>
     <span class='ocr_line' id='line_1_19' title="bbox 222 1964 1658 2038; baseline -0.001 -21"><span class='ocrx_word' id='word_1_101' title='bbox 222 1965 335 2017; x_wconf 90' lang='lat' dir='ltr'><strong>Iam</strong></span> <span class='ocrx_word' id='word_1_102' title='bbox 370 1965 580 2018; x_wconf 91' lang='lat' dir='ltr'><strong>dudum</strong></span> <span class='ocrx_word' id='word_1_103' title='bbox 615 1965 776 2038; x_wconf 86' lang='lat' dir='ltr'><strong>Syrio</strong></span> <span class='ocrx_word' id='word_1_104' title='bbox 813 1964 1157 2017; x_wconf 87' lang='lat' dir='ltr'><strong>madefactus</strong></span> <span class='ocrx_word' id='word_1_105' title='bbox 1192 1976 1449 2036; x_wconf 88' lang='lat' dir='ltr'><strong>tempora</strong></span> <span class='ocrx_word' id='word_1_106' title='bbox 1483 1964 1658 2017; x_wconf 86' lang='lat' dir='ltr'><strong>nardo</strong></span> 
     </span>
     <span class='ocr_line' id='line_1_20' title="bbox 368 2054 1514 2126; baseline 0 -20"><span class='ocrx_word' id='word_1_107' title='bbox 368 2055 686 2107; x_wconf 87' lang='lat' dir='ltr'><strong>Debueram</strong></span> <span class='ocrx_word' id='word_1_108' title='bbox 722 2054 887 2107; x_wconf 88' lang='lat' dir='ltr'><strong>sertis</strong></span> <span class='ocrx_word' id='word_1_109' title='bbox 922 2054 1270 2126; x_wconf 86' lang='lat' dir='ltr'><strong>implicuisse</strong></span> <span class='ocrx_word' id='word_1_110' title='bbox 1307 2073 1514 2106; x_wconf 91' lang='lat' dir='ltr'><strong>comas.</strong></span> 
     </span>
    </p>
   </div>
   <div class='ocr_carea' id='block_1_4' title="bbox 212 2238 2009 2566">
    <p class='ocr_par' dir='ltr' id='par_1_4' title="bbox 212 2238 2009 2566">
     <span class='ocr_line' id='line_1_21' title="bbox 216 2238 2009 2296; baseline -0.003 -12"><span class='ocrx_word' id='word_1_111' title='bbox 216 2239 292 2286; x_wconf 85' lang='lat'><strong>51.</strong></span> <span class='ocrx_word' id='word_1_112' title='bbox 313 2248 407 2289; x_wconf 80' lang='lat' dir='ltr'><strong>quid</strong></span> <span class='ocrx_word' id='word_1_113' title='bbox 434 2239 476 2286; x_wconf 61' lang='lat' dir='ltr'><strong>(T</strong></span> <span class='ocrx_word' id='word_1_114' title='bbox 491 2240 651 2288; x_wconf 70' lang='lat' dir='ltr'><strong>Plant„</strong></span> <span class='ocrx_word' id='word_1_115' title='bbox 676 2249 744 2288; x_wconf 80' lang='lat' dir='ltr'><strong>qui</strong></span> <span class='ocrx_word' id='word_1_116' title='bbox 758 2240 902 2282; x_wconf 83' lang='lat' dir='ltr'><strong>Ambr.</strong></span> <span class='ocrx_word' id='word_1_117' title='bbox 916 2241 964 2287; x_wconf 92' lang='lat' dir='ltr'><strong>V,</strong></span> <span class='ocrx_word' id='word_1_118' title='bbox 986 2240 1104 2282; x_wconf 86' lang='lat' dir='ltr'><strong>faute</strong></span> <span class='ocrx_word' id='word_1_119' title='bbox 1121 2240 1470 2281; x_wconf 86' lang='lat' dir='ltr'><strong>d&#39;inadvertancc</strong></span> <span class='ocrx_word' id='word_1_120' title='bbox 1483 2255 1493 2293; x_wconf 84' lang='lat'><em>3</em></span> <span class='ocrx_word' id='word_1_121' title='bbox 1518 2238 1705 2281; x_wconf 87' lang='lat' dir='ltr'><strong>l&#39;ablatif</strong></span> <span class='ocrx_word' id='word_1_122' title='bbox 1722 2247 1790 2287; x_wconf 78' lang='lat' dir='ltr'><strong>qui</strong></span> <span class='ocrx_word' id='word_1_123' title='bbox 1803 2254 1858 2280; x_wconf 87' lang='lat' dir='ltr'><strong>ne</strong></span> <span class='ocrx_word' id='word_1_124' title='bbox 1870 2238 2009 2296; x_wconf 78' lang='lat' dir='ltr'><strong>parait</strong></span> 
     </span>
     <span class='ocr_line' id='line_1_22' title="bbox 217 2305 2009 2364; baseline -0.002 -15"><span class='ocrx_word' id='word_1_125' title='bbox 217 2321 292 2364; x_wconf 88' lang='lat' dir='ltr'><strong>pas</strong></span> <span class='ocrx_word' id='word_1_126' title='bbox 316 2307 522 2348; x_wconf 75' lang='lat' dir='ltr'><strong>convenit·</strong></span> <span class='ocrx_word' id='word_1_127' title='bbox 557 2321 612 2348; x_wconf 86' lang='lat' dir='ltr'><strong>au</strong></span> <span class='ocrx_word' id='word_1_128' title='bbox 644 2322 755 2348; x_wconf 87' lang='lat' dir='ltr'><strong>sens.</strong></span> <span class='ocrx_word' id='word_1_129' title='bbox 776 2333 832 2338; x_wconf 91' lang='lat'>—</span> <span class='ocrx_word' id='word_1_130' title='bbox 864 2306 937 2351; x_wconf 91' lang='lat'><strong>58.</strong></span> <span class='ocrx_word' id='word_1_131' title='bbox 959 2316 1104 2348; x_wconf 80' lang='lat' dir='ltr'><strong>martia</strong></span> <span class='ocrx_word' id='word_1_132' title='bbox 1129 2308 1275 2348; x_wconf 85' lang='lat' dir='ltr'><strong>Ambr.</strong></span> <span class='ocrx_word' id='word_1_133' title='bbox 1308 2309 1355 2354; x_wconf 91' lang='lat' dir='ltr'><strong>V,</strong></span> <span class='ocrx_word' id='word_1_134' title='bbox 1380 2306 1610 2348; x_wconf 87' lang='lat' dir='ltr'><strong>confusion</strong></span> <span class='ocrx_word' id='word_1_135' title='bbox 1635 2306 1687 2346; x_wconf 86' lang='lat' dir='ltr'><strong>de</strong></span> <span class='ocrx_word' id='word_1_136' title='bbox 1713 2321 1732 2347; x_wconf 89' lang='lat' dir='ltr'><strong>c</strong></span> <span class='ocrx_word' id='word_1_137' title='bbox 1754 2311 1797 2346; x_wconf 87' lang='lat' dir='ltr'><strong>et</strong></span> <span class='ocrx_word' id='word_1_138' title='bbox 1818 2305 1871 2346; x_wconf 86' lang='lat' dir='ltr'><strong>de</strong></span> <span class='ocrx_word' id='word_1_139' title='bbox 1903 2312 1916 2346; x_wconf 82' lang='lat' dir='ltr'><strong>t</strong></span> <span class='ocrx_word' id='word_1_140' title='bbox 1942 2305 2009 2346; x_wconf 88' lang='lat' dir='ltr'><strong>in-</strong></span> 
     </span>
     <span class='ocr_line' id='line_1_23' title="bbox 218 2373 2003 2431; baseline -0.001 -16"><span class='ocrx_word' id='word_1_141' title='bbox 218 2373 415 2415; x_wconf 76' lang='lat' dir='ltr'><strong>fluencee</strong></span> <span class='ocrx_word' id='word_1_142' title='bbox 444 2389 523 2431; x_wconf 88' lang='lat' dir='ltr'><strong>par</strong></span> <span class='ocrx_word' id='word_1_143' title='bbox 559 2374 600 2415; x_wconf 90' lang='lat' dir='ltr'><strong>le</strong></span> <span class='ocrx_word' id='word_1_144' title='bbox 630 2374 710 2416; x_wconf 85' lang='lat' dir='ltr'><strong>fait</strong></span> <span class='ocrx_word' id='word_1_145' title='bbox 733 2389 819 2431; x_wconf 90' lang='lat' dir='ltr'><strong>que</strong></span> <span class='ocrx_word' id='word_1_146' title='bbox 846 2374 886 2415; x_wconf 85' lang='lat' dir='ltr'><strong>le</strong></span> <span class='ocrx_word' id='word_1_147' title='bbox 910 2373 1047 2415; x_wconf 85' lang='lat' dir='ltr'><strong>scribe</strong></span> <span class='ocrx_word' id='word_1_148' title='bbox 1079 2373 1150 2415; x_wconf 90' lang='lat' dir='ltr'><strong>n&#39;a</strong></span> <span class='ocrx_word' id='word_1_149' title='bbox 1179 2389 1254 2431; x_wconf 87' lang='lat' dir='ltr'><strong>pas</strong></span> <span class='ocrx_word' id='word_1_150' title='bbox 1275 2374 1478 2431; x_wconf 89' lang='lat' dir='ltr'><strong>compris.</strong></span> <span class='ocrx_word' id='word_1_151' title='bbox 1514 2399 1575 2404; x_wconf 90' lang='lat'><strong>-—</strong></span> <span class='ocrx_word' id='word_1_152' title='bbox 1605 2373 1679 2418; x_wconf 88' lang='grc'><strong>59.</strong></span> <span class='ocrx_word' id='word_1_153' title='bbox 1714 2381 1818 2422; x_wconf 66' lang='lat' dir='ltr'><strong>fugit</strong></span> <span class='ocrx_word' id='word_1_154' title='bbox 1842 2373 2003 2419; x_wconf 66' lang='lat' dir='ltr'><strong>Ambr„</strong></span> 
     </span>
     <span class='ocr_line' id='line_1_24' title="bbox 212 2439 2005 2498; baseline -0.001 -16"><span class='ocrx_word' id='word_1_155' title='bbox 212 2449 340 2496; x_wconf 63' lang='lat' dir='ltr'><strong>fugiet</strong></span> <span class='ocrx_word' id='word_1_156' title='bbox 370 2442 418 2489; x_wconf 91' lang='lat' dir='ltr'><strong>V,</strong></span> <span class='ocrx_word' id='word_1_157' title='bbox 435 2441 744 2498; x_wconf 83' lang='lat' dir='ltr'><strong>interpolation</strong></span> <span class='ocrx_word' id='word_1_158' title='bbox 762 2442 941 2482; x_wconf 74' lang='lat' dir='ltr'><strong>amenee</strong></span> <span class='ocrx_word' id='word_1_159' title='bbox 958 2455 1035 2498; x_wconf 90' lang='lat' dir='ltr'><strong>par</strong></span> <span class='ocrx_word' id='word_1_160' title='bbox 1050 2441 1091 2482; x_wconf 81' lang='lat' dir='ltr'><strong>le</strong></span> <span class='ocrx_word' id='word_1_161' title='bbox 1106 2440 1228 2482; x_wconf 75' lang='lat' dir='ltr'><strong>fut-ur</strong></span> <span class='ocrx_word' id='word_1_162' title='bbox 1245 2441 1321 2498; x_wconf 88' lang='lat' dir='ltr'><strong>qui</strong></span> <span class='ocrx_word' id='word_1_163' title='bbox 1336 2441 1438 2482; x_wconf 88' lang='lat' dir='ltr'><strong>suit.</strong></span> <span class='ocrx_word' id='word_1_164' title='bbox 1461 2466 1514 2472; x_wconf 89' lang='lat'><strong>·-—</strong></span> <span class='ocrx_word' id='word_1_165' title='bbox 1531 2439 1604 2485; x_wconf 89' lang='grc'><strong>62.</strong></span> <span class='ocrx_word' id='word_1_166' title='bbox 1623 2448 1638 2480; x_wconf 86' lang='lat'><strong>1&#39;</strong></span> <span class='ocrx_word' id='word_1_167' title='bbox 1656 2441 1708 2488; x_wconf 89' lang='lat' dir='ltr'><strong>F,</strong></span> <span class='ocrx_word' id='word_1_168' title='bbox 1739 2451 1779 2481; x_wconf 85' lang='lat' dir='ltr'><strong>et</strong></span> <span class='ocrx_word' id='word_1_169' title='bbox 1798 2439 1942 2482; x_wconf 83' lang='lat' dir='ltr'><strong>Ambr.</strong></span> <span class='ocrx_word' id='word_1_170' title='bbox 1957 2441 2005 2493; x_wconf 83' lang='lat' dir='ltr'><strong>V,</strong></span> 
     </span>
     <span class='ocr_line' id='line_1_25' title="bbox 220 2506 2009 2566; baseline -0.001 -17"><span class='ocrx_word' id='word_1_171' title='bbox 220 2507 451 2549; x_wconf 83' lang='lat' dir='ltr'><strong>confusion</strong></span> <span class='ocrx_word' id='word_1_172' title='bbox 473 2507 527 2548; x_wconf 83' lang='lat' dir='ltr'><strong>de</strong></span> <span class='ocrx_word' id='word_1_173' title='bbox 549 2507 863 2565; x_wconf 82' lang='lat' dir='ltr'><strong>monosyllabes</strong></span> <span class='ocrx_word' id='word_1_174' title='bbox 880 2513 1120 2564; x_wconf 82' lang='lat' dir='ltr'><strong>provenant</strong></span> <span class='ocrx_word' id='word_1_175' title='bbox 1143 2507 1196 2548; x_wconf 88' lang='lat' dir='ltr'><strong>de</strong></span> <span class='ocrx_word' id='word_1_176' title='bbox 1218 2523 1264 2549; x_wconf 84' lang='lat' dir='ltr'><strong>ce</strong></span> <span class='ocrx_word' id='word_1_177' title='bbox 1289 2524 1375 2566; x_wconf 84' lang='lat' dir='ltr'><strong>que</strong></span> <span class='ocrx_word' id='word_1_178' title='bbox 1398 2517 1413 2549; x_wconf 81' lang='grc' dir='ltr'><strong>ι·</strong></span> <span class='ocrx_word' id='word_1_179' title='bbox 1436 2507 1507 2549; x_wconf 89' lang='lat' dir='ltr'><strong>n&#39;a</strong></span> <span class='ocrx_word' id='word_1_180' title='bbox 1531 2523 1606 2565; x_wconf 90' lang='lat' dir='ltr'><strong>pas</strong></span> <span class='ocrx_word' id='word_1_181' title='bbox 1631 2507 1697 2548; x_wconf 74' lang='lat' dir='ltr'><strong>ete</strong></span> <span class='ocrx_word' id='word_1_182' title='bbox 1723 2506 1927 2564; x_wconf 82' lang='lat' dir='ltr'><strong>compriS.</strong></span> <span class='ocrx_word' id='word_1_183' title='bbox 1951 2529 2009 2537; x_wconf 89' lang='lat'><strong>--</strong></span> 
     </span>
    </p>
   </div>
   <div class='ocr_carea' id='block_1_5' title="bbox 221 2573 1386 2628">
    <p class='ocr_par' dir='ltr' id='par_1_5' title="bbox 221 2573 1386 2628">
     <span class='ocr_line' id='line_1_26' title="bbox 221 2573 1386 2628; baseline -0.003 -8"><span class='ocrx_word' id='word_1_184' title='bbox 221 2573 296 2620; x_wconf 82' lang='grc'><strong>63.</strong></span> <span class='ocrx_word' id='word_1_185' title='bbox 322 2583 442 2624; x_wconf 75' lang='lat' dir='ltr'><strong>Syrio</strong></span> <span class='ocrx_word' id='word_1_186' title='bbox 462 2575 518 2628; x_wconf 69' lang='grc' dir='ltr'><strong>(Τ,</strong></span> <span class='ocrx_word' id='word_1_187' title='bbox 547 2583 654 2625; x_wconf 79' lang='lat' dir='ltr'><strong>tyrio</strong></span> <span class='ocrx_word' id='word_1_188' title='bbox 678 2575 871 2618; x_wconf 86' lang='lat' dir='ltr'><strong>Ambr.V</strong></span> <span class='ocrx_word' id='word_1_189' title='bbox 892 2575 1052 2622; x_wconf 68' lang='lat' dir='ltr'><strong>Plant„</strong></span> <span class='ocrx_word' id='word_1_190' title='bbox 1080 2574 1136 2616; x_wconf 82' lang='lat' dir='ltr'><strong>cf.</strong></span> <span class='ocrx_word' id='word_1_191' title='bbox 1154 2574 1217 2616; x_wconf 94' lang='lat' dir='ltr'><strong>III</strong></span> <span class='ocrx_word' id='word_1_192' title='bbox 1244 2574 1286 2628; x_wconf 77' lang='grc' dir='ltr'><strong>ἰι,</strong></span> <span class='ocrx_word' id='word_1_193' title='bbox 1315 2573 1386 2618; x_wconf 82' lang='lat'><strong>28.</strong></span> 
     </span>
    </p>
   </div>
  </div>
 </body>
</html>
