2384 4062
427 425 454 460 2
465 424 490 459 2
499 406 531 458 8
1169 415 1437 448 LYGDAMUS

423 533 657 583 Tantum
692 546 816 578 cara
849 523 971 585 tibi,
1011 532 1276 594 quantum
1311 539 1411 572 nee
1445 519 1555 570 filia
1591 518 1775 581 matri,

572 614 849 678 Quantum
884 628 983 659 nee
1011 606 1211 677 cupido
1246 604 1391 656 bella
1426 603 1612 675 puella
1645 604 1788 665 uiro,

423 701 528 752 Pro
563 716 669 769 qua
703 693 968 746 sollicitas
1003 689 1262 742 caelestia
1295 688 1520 740 numina
1552 687 1719 749 uotis,

570 787 721 850 Quae
758 781 860 833 tibi
896 798 1120 831 securos
1155 797 1266 828 non
1302 776 1434 828 sinit
1467 776 1547 827 ire
1583 776 1702 827 dies

421 877 511 937 Et,
543 893 666 925 eum
699 882 752 922 te
789 870 939 920 fusco
980 869 1215 919 Somnus
1249 864 1463 916 uelauit
1497 864 1721 926 amictu,
1935 930 1939 934 Β
2115 869 2185 922 55

569 937 779 1014 Vanum
815 954 1101 1008 nocturnis
1138 952 1282 1004 fallit
1314 951 1674 1025 imaginibus,
1914 952 1923 957 “

423 1048 772 1103 Carminibus
807 1045 1085 1096 celebrata
1118 1042 1228 1092 tuis
1263 1039 1506 1092 formosa
1538 1042 1750 1093 Neaera

528 1147 530 1149 ’
566 1135 808 1188 Alterius
844 1131 1054 1183 mauult
1087 1148 1204 1181 esse
1233 1129 1418 1199 puella
1447 1129 1555 1180 uiri

419 1226 790 1294 Diuersasque
826 1225 936 1272 suis
972 1219 1144 1292 agitat
1178 1237 1331 1268 mens
1367 1217 1537 1288 impia
1572 1238 1730 1270 curas

565 1314 676 1365 Nee
713 1310 915 1384 gaudet
948 1318 1096 1359 casta
1129 1317 1301 1376 nupta
1333 1307 1543 1358 Neaera
1577 1306 1760 1360 domo.
2115 1313 2204 1371 6¹0,

418 1402 462 1455 A
497 1399 718 1453 crudele
755 1417 927 1471 genus
962 1415 1063 1447 nee
1100 1394 1268 1446 fidum
1303 1393 1508 1446 femina
1542 1396 1779 1447 nomen!

564 1489 608 1540 A
642 1497 850 1559 pereat,
889 1484 1085 1536 didicit
1120 1482 1312 1534 fallere
1349 1482 1506 1554 siqua
1540 1483 1756 1535 uirum!

422 1578 531 1631 Sed
566 1576 711 1627 flecti
746 1573 984 1646 poterit:
1025 1591 1179 1623 mens
1217 1582 1301 1622 est
1334 1571 1616 1623 mutabilis
1650 1572 1798 1636 illis;

563 1667 643 1717 Tu
678 1663 839 1715 modo
876 1682 999 1713 eum
1035 1660 1206 1712 multa
1239 1660 1500 1712 bracchia
1532 1661 1699 1713 tende
1734 1661 1862 1714 fide.

419 1757 625 1808 Saeuus
658 1752 829 1804 Amor
856 1750 1045 1803 docuit
1078 1749 1292 1801 ualidos
1327 1759 1602 1820 temptare
1637 1749 1877 1813 labores,
2109 1750 2178 1806 65

565 1844 771 1895 Saeuus
806 1839 976 1891 Amor
1009 1837 1198 1890 docuit
1230 1838 1465 1889 uerbera
1498 1857 1661 1890 saeua
1694 1839 1827 1910 pati.

412 1934 500 1985 Me
537 1930 813 2003 quondam
847 1926 1070 1979 Admeti
1104 1926 1293 1978 niueas
1329 1926 1549 1997 pauisse
1583 1926 1844 1980 iuuencas

559 2021 679 2072 Non
715 2028 798 2069 est
830 2016 887 2067 in
921 2035 1123 2067 uanum
1159 2014 1346 2066 fabula
1379 2014 1504 2066 fieta
1539 2015 1756 2078 ioeum3

413 2110 565 2160 Tunc
601 2127 702 2180 ego
738 2125 837 2156 nee
872 2104 1083 2156 eithara
1117 2114 1367 2174 poteram
1404 2103 1645 2176 gaudere
1681 2124 1882 2157 sonora

557 2197 668 2248 Nee
704 2194 913 2246 similes
948 2192 1171 2244 chordis
1208 2191 1443 2243 reddere
1480 2211 1615 2243 uoce
1652 2212 1838 2255 sonos,
2106 2214 2175 2266 70

414 2284 524 2337 Sed
557 2282 869 2354 perlucenti
903 2292 1123 2332 cantum
1161 2280 1471 2332 meditabar
1505 2300 1680 2333 auena

558 2372 656 2423 Ille
693 2390 794 2442 ego
830 2371 1070 2421 Latonae
1106 2368 1250 2420 filius
1286 2379 1450 2439 atque
1486 2369 1652 2421 Iouis.

408 2460 599 2514 Nescis
633 2459 766 2531 quid
801 2458 873 2510 sit
905 2477 1078 2519 amor,
1116 2457 1354 2519 iuuenis,
1395 2457 1439 2508 si
1474 2456 1620 2510 ferre
1655 2477 1878 2511 recusas

405 2652 478 2697 59.
505 2659 587 2692 suis
611 2650 774 2701 Douza,
803 2649 946 2690 Muret
969 2649 1048 2705 (z
1065 2665 1226 2690 suorum
1252 2650 1396 2704 curis),
1436 2665 1529 2690 suas
1564 2650 1705 2691 Ambr.
1721 2652 1768 2699 V,
1803 2651 1972 2708 trompe
1995 2665 2074 2708 par
2113 2659 2174 2693 di-

407 2734 556 2759 uersas.
579 2743 633 2748 -—
660 2717 732 2761 60.
760 2732 883 2758 nerea
908 2716 1049 2757 Ambr.
1093 2715 1280 2771 (d'apres
1319 2715 1482 2772 Hiller)
1520 2717 1565 2763 V,
1607 2716 1835 2779 confusion
1870 2732 1944 2758 sur
1973 2731 2035 2758 un
2069 2730 2174 2759 nom

405 2799 560 2842 propre
567 2815 576 2824 .

840 2848 912 2894 63.
936 2864 1049 2890 mens
1073 2861 1132 2890 est
1163 2857 1364 2890 mutabilis
1386 2858 1467 2890 illis
1490 2851 1594 2891 Eaec.
1623 2838 1726 2892 Par.

753 2974 824 3019 65.
864 2973 1083 3015 premiere
1106 2973 1228 3025 lern
1249 2973 1301 3015 de
1329 2977 1363 3016 F
1384 2975 1493 3016 citee
1516 2990 1593 3032 par
1619 2974 1823 3033 Scaliger.

463 3078 534 3123 65.
562 3087 709 3120 Saeuus
728 3087 852 3119 Amor
876 3086 1007 3119 docuit
1031 3086 1183 3119 ualidos
1205 3090 1358 3120 tentare
1377 3087 1537 3120 labores
1560 3080 1608 3126 F,
1638 3078 1750 3120 omis
1772 3093 1850 3135 par
1873 3079 2015 3122 Ambr.
2030 3079 2078 3122 V.

1117 3202 1188 3246 66.
1217 3203 1320 3243 Eaec.
1350 3203 1460 3243 Fris.

464 3305 536 3350 66.
562 3321 681 3346 saeua
706 3307 754 3352 F,
781 3321 898 3353 posse
922 3306 1024 3345 Exc.
1053 3306 1162 3346 Fris.
1187 3305 1378 3347 Ambr.V
1393 3321 1402 3358 ;
1427 3305 1458 3346 il
1478 3306 1550 3362 n’y
1578 3321 1601 3347 a
1625 3321 1792 3348 aucune
1822 3307 1965 3349 raison
1989 3306 2172 3349 decisivo

406 3387 516 3428 pour
539 3372 728 3428 preferer
758 3371 875 3411 l’une
907 3370 959 3411 de
1001 3385 1069 3411 ces
1090 3371 1201 3411 deux
1221 3370 1363 3422 leqons
1387 3373 1410 3412 ὲ
1435 3371 1589 3413 l'autre
1609 3388 1619 3425 ;
1655 3373 1695 3414 la
1733 3373 1964 3430 repetition
1982 3389 2171 3415 saeuus...

400 3454 519 3479 saeua
544 3443 647 3494 peut
671 3437 759 3479 etre
783 3451 869 3478 une
900 3436 1098 3493 elegance
1123 3437 1227 3478 dans
1250 3436 1289 3478 le
1315 3437 1421 3494 gout
1440 3437 1492 3478 de
1515 3437 1776 3496 Lygdamus.
