2384 4062
895 418 1168 451 LYGDAMUS
1815 423 1843 459 2
1853 425 1880 460 2
1892 426 1920 478 7

134 526 352 582 Intonsi
385 526 568 579 crines
601 525 770 600 longa
804 524 1024 577 ceruice
1060 523 1329 587 fluebant,

288 616 550 670 Stillabat
581 615 742 687 Syrio
781 625 993 686 myrtea
1027 633 1152 666 rore
1186 634 1343 666 coma
1373 634 1384 678 ;

135 705 359 760 Candor
386 716 524 768 erat,
564 704 784 777 qualem
819 702 1068 776 praefert
1101 703 1334 755 Latonia
1367 705 1541 767 Luna,

283 796 355 847 Et
387 794 546 847 color
579 794 635 845 in
670 793 835 845 niueo
872 812 1110 864 corpore
1146 812 1487 864 purpureus,
1850 800 1921 853 30

136 886 209 939 Vt
240 883 433 936 iuueni
467 883 710 956 primum
744 882 907 956 uirgo
942 881 1183 934 deducta
1220 882 1420 934 marito

289 972 541 1025 Inficitur
573 983 795 1044 teneras
830 990 925 1023 ore
963 971 1198 1023 rubente
1235 990 1428 1045 genas,

139 1063 210 1114 Et
243 1082 368 1115 cum
404 1071 710 1114 contexunt
742 1060 1044 1112 amarantis
1080 1059 1205 1112 alba
1239 1059 1460 1131 puellae

287 1150 429 1203 Lilia
457 1161 513 1203 et
546 1160 809 1202 autumno
843 1149 1080 1201 candida
1114 1148 1259 1201 mala
1293 1150 1534 1214 rubent;

140 1238 256 1289 Ima
280 1236 580 1288 uidebatur
611 1234 739 1287 talis
772 1233 1013 1286 illudere
1047 1233 1192 1306 palla
1221 1255 1231 1286 :
1855 1239 1924 1294 35

288 1326 536 1396 Namque
571 1324 708 1376 haec
741 1323 799 1375 in
833 1322 1011 1375 nitido
1047 1343 1283 1395 corpore
1318 1323 1493 1376 uestis
1530 1336 1667 1378 erat.

139 1414 291 1467 Artis
323 1433 463 1486 opus
499 1432 677 1476 rarae,
716 1412 939 1488 fulgens
973 1412 1257 1465 testudine
1291 1424 1346 1466 et
1379 1433 1512 1466 auro

287 1503 576 1556 Pendebat
608 1502 768 1555 laeua
803 1502 1028 1577 garrula
1054 1513 1213 1574 parte
1249 1502 1387 1574 lyra.

140 1594 293 1646 Hanc
327 1592 570 1664 primum
605 1591 838 1644 ueniens
873 1591 1088 1663 plectro
1126 1592 1445 1645 modulatus
1481 1593 1700 1647 eburno

286 1681 503 1734 Felices
538 1691 732 1734 cantus
759 1701 854 1734 ore
891 1692 1124 1734 sonante
1159 1681 1337 1745 dedit,
1856 1687 1928 1746 ΔΟ

144 1771 276 1834 Sed,
314 1781 611 1843 postquam
646 1770 868 1823 fuerant
900 1770 1065 1845 digiti
1096 1791 1221 1823 cum
1255 1791 1393 1823 uoce
1427 1771 1624 1836 locuti,

289 1860 483 1913 Edidit
509 1850 651 1912 'haec
685 1860 835 1912 tristi
868 1859 1052 1912 dulcia
1084 1861 1259 1912 uerba
1294 1861 1494 1913 modo:

145 1972 169 2001 «
212 1949 398 2012 Salue‚
437 1969 567 2002 cura
602 1949 767 2002 deum
797 1970 806 2002 :
847 1960 998 2002 casto
1038 1970 1164 2002 nam
1200 1950 1307 2002 rite
1342 1961 1540 2022 poetae

291 2040 664 2110 Phoebusque
700 2050 754 2091 et
786 2039 1039 2091 Bacchus
1074 2038 1440 2112 Pieridesque
1472 2024 1696 2106 fauent;

144 2128 257 2182 Sed
282 2128 471 2200 proles
509 2128 764 2181 Semelae
799 2129 1051 2180 Bacchus
1086 2129 1394 2202 doctaeque
1430 2150 1653 2183 sorores
1858 2134 1927 2194 [15

290 2217 490 2270 Dicere
525 2237 638 2270 non
671 2229 900 2280 norunt,
940 2218 1076 2291 quid
1111 2217 1254 2271 ferat
1286 2219 1423 2271 hora
1459 2239 1735 2292 sequens;

142 2307 214 2360 At
247 2307 384 2359 mihi
417 2305 658 2359 fatorum
691 2306 847 2381 leges
883 2307 1118 2380 aeuique
1148 2306 1324 2360 futuri

291 2397 578 2448 Euentura
610 2406 771 2468 pater
801 2415 965 2468 posse
1000 2396 1192 2449 uidere
1230 2396 1422 2461 dedit;

145 2486 328 2552 Quare
364 2504 468 2560 ego
504 2504 644 2558 quae
680 2484 805 2537 dico
841 2505 952 2538 non
988 2485 1156 2538 fallax
1189 2486 1379 2558 accipe
1414 2498 1573 2540 uates

295 2574 566 2647 Quodque
601 2574 737 2627 deus
770 2594 905 2628 uero
944 2575 1216 2648 Cynthius
1252 2595 1347 2628 ore
1383 2575 1557 2630 feram
1587 2598 1597 2630 :
1860 2583 1931 2634 50

141 2806 182 2848 le
204 2821 317 2858 vers,
343 2821 399 2847 ou
426 2821 481 2847 au
502 2806 717 2848 contraire
741 2814 948 2848 hominum
981 2821 1005 2848 a
1028 2822 1089 2864 pu
1113 2806 1205 2848 etre
1228 2807 1275 2848 lu
1299 2816 1519 2849 humanum
1553 2813 1596 2850 et
1616 2820 1684 2851 aut
1707 2809 1932 2866 supprime

139 2872 505 2916 volontairement
523 2889 534 2926 3
561 2881 768 2915 hominum
805 2889 912 2915 nunc
937 2873 1132 2931 s'oppose
1161 2876 1184 2915 a
1203 2883 1416 2928 priorum3
1447 2883 1546 2916 uidit
1570 2877 1594 2917 a
1619 2875 1724 2917 tirer
1744 2875 1798 2916 de
1825 2885 1933 2918 uidet

143 2945 208 2981 cst
223 2940 536 2981 sous-entendu
552 2939 658 2981 dans
682 2939 723 2981 le
742 2940 934 2998 premier
954 2940 1152 2982 membre
1173 2941 1226 2982 de
1242 2942 1413 2998 phrase.
1433 2967 1489 2973 -—
1511 2941 1584 2986 28.
1602 2951 1722 2991 Syrio
1742 2943 1784 2989 <1-
1790 2977 1799 2995 ‚
1826 2951 1932 2992 tyrio

145 3007 288 3049 Atnbr.
303 3009 351 3054 V,
390 3007 618 3048 alteration
658 3006 764 3048 d'un
799 3022 904 3049 nom
939 3023 1113 3065 propre,
1153 3008 1208 3049 cf.
1246 3008 1289 3060 6,
1325 3008 1380 3051 63
1421 3033 1481 3039 —
1515 3017 1688 3050 mirthea
1720 3010 1929 3057 Ambr.V‚

87 3091 90 3093 ·
146 3088 311 3122 myrrea
350 3073 403 3115 G2
424 3089 434 3126 3
459 3073 501 3114 la
544 3073 794 3128 conjecture
824 3083 1033 3123 myrrhea,
1072 3075 1236 3116 admise
1275 3090 1353 3131 par
1393 3073 1617 3132 Cyllenius
1648 3080 1691 3116 et
1725 3075 1930 3126 d'autres,

147 3145 212 3181 est
234 3139 506 3196 ingdmieuse,
533 3139 642 3181 mais
662 3154 751 3182 non
776 3140 1028 3182 necessaire.
1055 3166 1110 3172 ——
1126 3141 1198 3185 33.
1216 3151 1266 3182 Et
1286 3142 1429 3183 Ambr.
1442 3143 1490 3189 V,
1509 3151 1590 3182 Aut
1609 3142 1666 3193 (Τ,
1686 3142 1935 3198 conjecture

147 3205 410 3254 se'duisante,
456 3206 564 3247 mais
599 3221 688 3248 non
725 3207 978 3249 necessaire.
1013 3232 1070 3238 —
1112 3207 1186 3252 45.
1230 3218 1379 3249 semele
1414 3208 1621 3255 Ambr.V,
1666 3218 1835 3250 semeIes
1877 3209 1932 3254 (ἶ.

149 3296 208 3303 --
230 3271 303 3316 47.
349 3282 456 3325 euiq3
484 3273 629 3316 Ambr.
654 3272 842 3330 (d’apres
867 3273 1041 3331 Belling
1065 3273 1431 3315 dubitativement
1454 3274 1507 3315 l'e
1544 3274 1663 3315 etant
1700 3275 1785 3316 tres
1824 3290 1938 3316 sem-

149 3337 290 3380 blable
315 3341 338 3380 a
362 3354 423 3379 un
445 3339 502 3395 c),
530 3347 672 3388 cuique
711 3341 759 3388 V,
789 3340 1019 3382 confusion
1045 3340 1097 3381 de
1136 3340 1191 3381 l'e
1225 3347 1269 3381 et
1299 3340 1359 3381 du
1392 3356 1426 3381 c.
1462 3366 1521 3372 —
1559 3341 1633 3385 50.
1673 3350 1855 3390 quodque
1882 3342 1934 3391 G,

151 3414 325 3454 quidque
354 3407 496 3447 Ambr.
512 3407 558 3453 V,
596 3406 826 3448 confusion
847 3406 900 3447 de
922 3413 1034 3448 mots
1051 3407 1103 3448 de
1129 3407 1269 3448 forme
1286 3407 1452 3448 voisine
1471 3433 1525 3438 —
1542 3416 1673 3448 feram
1696 3407 1941 3449 Broekhui·

152 3485 245 3523 sen,
271 3481 380 3514 fet-at
411 3473 617 3521 Ambr.V,
641 3473 682 3515 la
701 3473 920 3530 premiere
943 3488 1157 3530 personne
1198 3473 1372 3530 n’ayant
1406 3489 1480 3531 pas
1513 3474 1579 3515 ete
1611 3474 1840 3531 comprisc.
1882 3499 1935 3504 —
