2384 4062
407 457 434 492 2
448 458 467 491 I
478 457 511 492 Ο
1182 450 1392 483 TIBULLE

404 562 556 615 Heu!
597 560 928 633 quicumque
963 557 1117 609 dedit
1151 555 1382 607 formam
1417 553 1670 605 caelestis
1704 571 1920 614 auarae,
1992 556 1996 563 “

551 647 722 713 Quale
757 648 962 698 bonurn
998 643 1185 694 multis
1222 641 1406 693 attulit
1437 640 1530 692 ille
1566 639 1758 717 malis!

401 738 539 790 Hinc
574 735 733 788 fletus
769 734 1027 803 rixaeque
1064 741 1280 791 sonant,
1319 730 1454 780 haec
1487 727 1728 797 denique
1763 745 1926 778 causa

546 824 699 876 Fecit
731 833 791 874 ut
821 820 1041 873 infamis
1075 837 1220 871 nunc
1254 818 1388 869 deus
1425 826 1607 867 exstet
1638 815 1829 866 Amor.

398 915 470 966 At
502 913 624 973 tibi,
663 930 800 981 quae
836 909 1015 980 pretio
1050 907 1227 959 uictos
1264 905 1511 957 excludis
1546 914 1814 965 amantes,

543 989 798 1070 Eripiant
832 1007 1020 1068 partas
1054 1005 1252 1046 uentus
1290 1005 1343 1044 et
1375 992 1521 1066 ignis
1558 1011 1726 1063 opes;

397 1090 543 1155 Quin
577 1099 669 1139 tua
701 1097 831 1137 tunc
866 1085 1095 1136 iuuenes
1133 1091 1388 1153 spectent
1422 1079 1680 1131 incendia
1713 1080 1844 1132 laeti

540 1178 650 1229 Nec
684 1174 975 1245 quisquam
1011 1170 1257 1222 flammae
1294 1168 1517 1220 sedulus
1552 1167 1718 1220 addat
1751 1188 1969 1241 aquam,

399 1267 506 1318 Seu
540 1263 727 1315 ueniet
758 1261 861 1312 tibi
895 1280 1064 1322 mors,
1102 1278 1203 1310 nec
1239 1258 1346 1309 erit
1379 1257 1474 1327 qui
1509 1256 1698 1330 lugeat
1729 1255 1876 1309 ullus

538 1353 650 1405 Nec
685 1349 779 1420 qui
813 1349 906 1401 det
939 1357 1175 1399 maestas
1211 1365 1408 1397 munus
1443 1345 1501 1396 in
1534 1345 1847 1417 exsequias.

393 1442 464 1493 At
496 1441 640 1492 bona
675 1456 811 1509 quae
849 1455 949 1487 nec
985 1454 1147 1486 auara
1182 1433 1305 1496 fuit,
1343 1443 1567 1485 centum
1601 1433 1733 1485 licet
1766 1451 1939 1486 3111105

540 1522 771 1587 Vixerit,
811 1523 1097 1576 ardentem
1133 1521 1358 1574 flebitur
1393 1532 1517 1574 ante
1554 1541 1752 1595 rogum

392 1617 571 1686 Atque
607 1613 806 1685 aliquis
841 1612 1027 1663 senior
1058 1621 1278 1663 ueteres
1314 1620 1613 1662 ueneratus
1647 1629 1863 1663 amores

538 1702 731 1754 Annua
766 1711 1083 1753 constructo
1115 1709 1263 1750 serta
1300 1698 1455 1750 dabit
1488 1698 1701 1750 tumulo

393 1794 462 1843 Et
499 1813 522 1841 «
560 1792 700 1842 bene
739 1810 762 1839 »
802 1787 1094 1840 discedens
1129 1786 1277 1838 dicet
1315 1807 1338 1836 «
1378 1785 1706 1857 placideque
1741 1786 1995 1858 quiescas

538 1880 816 1948 Terraque
853 1894 1078 1928 securae
1114 1875 1186 1926 sit
1220 1894 1387 1946 super
1422 1893 1547 1927 ossa
1579 1875 1720 1927 leuis
1758 1895 1807 1927 1).

391 1969 533 2022 Vera
568 1965 791 2038 quidem
822 1984 1040 2026 moneo,
1079 1963 1178 2015 sed
1211 1973 1448 2034 prosunt
1482 1963 1615 2035 quid
1650 1963 1786 2016 mihi
1818 1963 1997 2016 uera?

537 2054 690 2106 Illius
726 2064 810 2104 est
842 2052 1002 2104 nobis
1039 2051 1162 2125 lege
1197 2050 1463 2111 colendus
1500 2071 1686 2115 amor;

391 2143 537 2208 Quin
571 2141 735 2193 etiam
770 2140 929 2192 sedes
963 2140 1153 2191 iubeat
1186 2139 1231 2191 si
1265 2139 1508 2192 uendere
1545 2140 1742 2202 auitas,

537 2232 615 2281 Ite
651 2230 751 2280 sub
785 2228 1082 2300 imperium
1117 2229 1218 2279 sub
1256 2228 1611 2299 titulumque,
1650 2228 1828 2305 lares;

390 2318 674 2389 Quidquid
705 2318 873 2368 habet
906 2317 1086 2379 Circe,
1124 2316 1396 2388 quidquid
1431 2317 1629 2369 Medea
1660 2317 1884 2380 ueneni,

536 2405 819 2476 Quidquid
854 2416 908 2456 et
940 2406 1238 2457 herbarum
1273 2405 1539 2458 Thessala
1570 2417 1721 2458 terra
1755 2406 1921 2480 gerit,

2095 554 2162 608 35

2087 1431 2156 1508 45

2087 1877 2157 1930 50

2082 2318 2152 2373 55

389 2496 460 2546 Et
491 2493 658 2565 quod,
695 2493 791 2544 ubi
823 2493 1109 2544 indomitis
1146 2493 1412 2567 gregibus
1446 2495 1634 2548 Venus
1669 2493 1835 2547 adflat
1863 2513 2101 2558 amoreS‚

535 2581 908 2652 Hippomanes
944 2580 1175 2652 cupidae
1212 2581 1384 2633 stillat
1417 2583 1484 2634 ab
1518 2582 1748 2656 inguine
1784 2602 1978 2654 equae,

386 2801 600 2858 peut-&tre
618 2800 669 2842 de
689 2800 791 2842 uffita
811 2800 1067 2858 (Baehrens)
1087 2801 1183 2858 deja
1203 2802 1345 2844 fautif.
1366 2829 1419 2834 ——-
1435 2802 1507 2849 36.
1523 2813 1591 2846 i11e
1613 2805 1665 2856 G,
1684 2813 1771 2853 ip'se
1784 2805 1926 2853 Ambr.
1940 2807 1986 2853 V,
2008 2805 2085 2862 qui
2098 2800 2153 2847 ne

387 2868 525 2926 parait
539 2882 613 2924 pas
633 2867 816 2924 pouvoir
838 2867 927 2908 etre
951 2868 1166 2909 conserve.
1181 2893 1237 2900 ——
1250 2868 1322 2913 38.
1346 2886 1451 2911 nunc
1472 2870 1787 2923 Broekhuisen,
1811 2880 1878 2913 hic
1897 2872 2039 2915 Ambr.
2054 2872 2152 2914 V—

389 2946 518 2976 exstet
541 2933 635 2984 AG,
672 2945 775 2975 esset
813 2933 1002 2974 Ambr.V
1020 2948 1030 2986 3
1055 2933 1090 2974 si
1122 2933 1211 2975 l’on
1248 2934 1440 2977 n'admet
1470 2951 1546 2993 pas
1578 2936 1620 2978 13
1650 2937 1805 2980 liberte
1844 2937 2077 2996 metrique,
2112 2937 2156 2981 la

322 3046 326 3049 ‚
389 2999 627 3042 correction
647 2998 689 3040 la
712 2999 807 3055 plus
831 2998 1155 3040 vraisemblable
1180 3006 1242 3042 est
1275 3017 1381 3042 nunc
1411 3002 1464 3043 de
1497 3002 1797 3045 Broekhuisen
1816 3019 1827 3057 ;
1853 3002 1905 3045 ἦ
1926 3018 1952 3047 a
1980 3018 2042 3061 pu
2063 3002 2155 3047 etro

390 3064 609 3107 confondu
634 3065 881 3106 facilement
904 3079 1002 3106 avec
1026 3074 1092 3107 hic
1111 3071 1154 3106 et
1177 3065 1319 3108 donne
1339 3082 1401 3108 un
1424 3084 1519 3110 sens
1540 3071 1625 3111 tres
1656 3070 1915 3113 satisfaisant
1933 3086 1944 3124 3
1972 3078 2068 3113 fecit
2090 3075 2154 3112 est

390 3146 451 3172 un
471 3131 628 3188 parfait
651 3137 694 3172 et
714 3146 800 3173 non
819 3146 881 3171 un
904 3132 1022 3187 passe
1046 3147 1056 3184 ;
1084 3131 1185 3173 d'ou
1205 3132 1246 3174 13
1270 3133 1474 3176 necessite
1498 3135 1551 3177 de
1570 3136 1651 3178 lire
1671 3149 1812 3184 exstet,
1838 3135 2057 3179 confondu
2075 3150 2154 3194 par

390 3212 452 3238 un
473 3197 609 3238 scribe
633 3212 732 3239 avec
753 3209 867 3239 esset.
895 3223 949 3228 —
979 3197 1054 3243 40.
1086 3211 1225 3246 partas
1261 3200 1331 3252 V2‚
1357 3214 1498 3249 portas
1527 3204 1752 3252 Ambr.V1,
1789 3204 2016 3247 confusion
2048 3203 2154 3246 d'un

393 3268 485 3304 mot
504 3277 597 3304 rare
622 3278 719 3304 avec
743 3278 804 3303 un
829 3268 921 3305 mot
941 3269 1133 3305 coutant.
1165 3288 1217 3296 —
1245 3264 1319 3310 43.
1363 3276 1495 3309 ueniet
1525 3270 1689 3320 Ambr„
1727 3279 1862 3312 ueniat
1899 3272 1944 3318 V,
1981 3269 2059 3327 qui
2080 3283 2156 3327 pa·
2217 3289 2219 3292 ’

391 3329 474 3372 tait
497 3329 614 3369 avoir
633 3328 698 3370 etc
719 3328 934 3370 influence
958 3344 1035 3386 par
1067 3329 1129 3371 les
1164 3329 1419 3388 subjonctifs
1450 3334 1715 3390 precedents.
1753 3361 1807 3367 —
1845 3335 1921 3381 44.
1963 3343 2154 3385 exequias

401 3394 471 3445 V2,
512 3403 720 3442 obsequias
759 3395 983 3450 Ambr.V1,
1019 3400 1112 3437 mot
1146 3396 1198 3438 de
1233 3397 1351 3439 basse
1375 3398 1543 3442 latinite
1578 3401 1654 3458 qui
1685 3402 1824 3458 pai-ait
1859 3401 1985 3444 s'etre
2018 3402 2156 3444 intro·-

394 3459 489 3501 duit
520 3459 749 3502 indument
776 3460 947 3503 (1311513
979 3461 1197 3505 tradition.
1238 3488 1298 3498 ,-.
1324 3465 1404 3510 55.
1446 3475 1638 3516 Quidquid
1679 3468 1911 3526 (premier)
1950 3470 2000 3522 V,
2039 3475 2158 3511 Quid-
