2384 4062
979 417 1193 450 TIBULLE
1872 420 1891 453 I
1905 420 1933 472 9
1948 421 1967 454 1

189 528 292 582 Illa
324 527 477 581 nulla
511 536 678 599 queat
710 525 908 578 melius
944 543 1273 578 consumere
1309 535 1530 576 noctem

338 616 449 670 Aut
482 635 713 688 operum
748 614 931 667 uarias
965 613 1311 685 disposuisse
1348 613 1520 665 uices.
1549 612 1552 614 Α

188 706 263 761 At
294 717 389 759 tua
422 703 753 778 perdidicit3
794 723 895 756 nec
929 714 1010 765 tu,
1049 701 1399 764 stultissime,
1439 703 1635 765 sentis,
1906 707 1972 758 65

342 797 481 849 Cum
518 795 619 847 tibi
652 814 763 848 non
795 793 959 845 solita
994 812 1196 863 corpus
1233 792 1300 843 ab
1337 802 1452 843 arte
1488 793 1719 844 mouet?

189 886 346 939 Tune
381 896 542 957 putas
576 885 729 937 illam
764 903 865 955 pro
901 893 954 934 te
990 881 1292 952 disponere
1328 880 1511 932 crines

338 974 450 1027 Aut
482 986 678 1027 tenues
715 973 888 1026 denso
924 981 1147 1043 pectere
1184 970 1350 1022 dente
1389 971 1619 1022 comas?

189 1066 372 1118 Istane
403 1063 705 1136 persuadet
738 1061 927 1123 facieS,
968 1078 1213 1132 auroque
1249 1059 1488 1111 lacertos

338 1154 560 1208 Vinciat
594 1163 648 1204 et
681 1151 847 1224 Tyrio
884 1149 1120 1221 prodeat
1155 1159 1281 1219 apta
1317 1148 1487 1200 sinu?
1906 1169 1974 1221 70

191 1245 316 1298 Non
349 1243 453 1295 tibi
488 1242 585 1294 sed
619 1240 809 1293 iuueni
845 1238 1063 1291 cuidam
1097 1238 1220 1290 uult
1253 1238 1402 1290 bella
1435 1237 1641 1301 uideri,

338 1333 627 1386 Deuoueat
659 1349 760 1402 pro
796 1348 904 1402 quo
941 1347 1170 1399 remque
1207 1327 1546 1399 domumque
1582 1338 1753 1390 tuam,

187 1423 309 1489 Nec
345 1420 477 1474 facit
508 1421 614 1472 hoc
648 1419 807 1481 uitio,
847 1417 945 1470 sed
980 1436 1218 1488 corpora
1252 1415 1415 1469 soeda
1448 1417 1699 1491 podagra

336 1512 406 1563 Et
441 1509 590 1563 senis
626 1508 913 1580 amplexus
949 1507 1098 1559 culta
1133 1507 1317 1578 puella
1355 1505 1519 1580 sugit.

186 1602 289 1654 Hic
322 1589 507 1652 tamen
544 1597 804 1651 accubuit
836 1607 1028 1648 noster
1061 1596 1234 1667 puer!
1275 1597 1433 1647 Hunc
1469 1616 1571 1670 ego
1609 1597 1834 1650 credam
1907 1602 1973 1671 75

339 1690 478 1742 Cum
512 1687 764 1740 trucibus
799 1705 1063 1739 uenerem
1098 1685 1331 1759 iungere
1368 1705 1532 1757 posse
1568 1685 1722 1738 feris.

187 1777 572 1833 Blanditiasne
609 1796 759 1829 meas
794 1775 916 1828 aliis
951 1786 1010 1827 tu
1044 1774 1291 1826 uendere
1326 1794 1383 1826 es
1420 1795 1605 1837 ausus,

338 1852 501 1920 Tune·
529 1866 650 1918 aliis
684 1866 914 1919 demens
951 1864 1139 1916 oscula
1173 1863 1319 1916 ferre
1355 1865 1518 1916 mea?

190 1959 349 2010 Tunc
382 1955 564 2018 flebis,
603 1975 727 2007 cum
763 1974 849 2006 me
885 1954 1136 2006 uinctum
1173 1973 1313 2023 puer
1349 1954 1489 2005 alter
1521 1954 1750 2007 habebit

335 2047 407 2098 Et
440 2055 600 2120 geret
630 2044 687 2096 in
723 2062 896 2118 regno
934 2062 1107 2116 regna
1141 2044 1382 2113 superba
1415 2054 1547 2107 tuo3
1902 2047 1973 2100 80

187 2135 262 2189 At
293 2146 388 2188 tua
422 2146 536 2187 tum
571 2153 658 2185 me
693 2152 873 2205 poena
906 2132 1062 2184 iuuet
1095 2132 1413 2203 Venerique
1449 2133 1688 2186 merenti

339 2224 472 2277 Fixa
506 2233 663 2275 notet
696 2242 855 2274 casus
892 2240 1057 2273 aurea
1091 2220 1275 2291 palma
1311 2241 1500 2273 meos:

192 2335 220 2365 «
257 2313 411 2367 Hanc
445 2312 549 2364 tibi
582 2311 767 2364 fallaci
802 2311 1080 2363 resolutus
1116 2329 1304 2362 amore
1340 2311 1596 2364 Tibullus

337 2401 572 2455 Dedicat
605 2412 660 2454 et
694 2411 851 2475 grata
885 2400 981 2461 sis,
1021 2398 1143 2461 dea,
1183 2411 1368 2452 mente
1405 2412 1585 2475 rogat.
1629 2423 1653 2453 ³)

185 2602 565 2646 immediatement
580 2602 771 2660 reparee.
794 2626 853 2633 -—
880 2601 953 2646 65.
980 2611 1033 2644 At
1053 2603 1214 2650 Ambr.‚
1237 2611 1316 2643 Aut
1345 2603 1379 2644 V
1399 2603 1570 2660 trompe
1594 2618 1672 2660 par
1694 2602 1736 2645 le
1757 2603 1890 2646 de'but
1913 2604 1973 2647 du

184 2686 281 2714 vers
301 2669 374 2716 64,
398 2695 456 2702 —
477 2669 550 2715 68.
576 2681 739 2718 pectere
770 2669 839 2720 V2‚
854 2681 1020 2717 pectore
1044 2671 1187 2712 Ambr.
1215 2668 1403 2726 (d'aprbs
1424 2670 1587 2726 Hiller)
1622 2672 1670 2713 V¹
1690 2687 1702 2725 3
1742 2671 1973 2714 confusion

186 2737 241 2780 de
260 2752 282 2779 e
303 2742 346 2780 et
364 2736 418 2779 de
442 2752 465 2779 ο
489 2736 675 2779 facilitee
691 2751 818 2794 parce
843 2750 927 2792 que
948 2735 988 2777 le
1009 2736 1147 2778 scribe
1168 2751 1192 2778 a
1216 2752 1292 2778 cru
1315 2737 1588 2779 reconnaitre
1603 2752 1666 2778 un
1691 2743 1784 2780 mot
1808 2740 1884 2796 qui
1908 2739 1972 2780 lui

182 2804 290 2847 etait
312 2803 518 2846 familier.
543 2829 598 2834 —-
623 2803 696 2848 69.
720 2811 856 2844 Istane
882 2801 1098 2860 Postgate,
1113 2812 1194 2844 Ista
1212 2804 1426 2857 Ambr.V;
1455 2804 1508 2847 V2
1536 2819 1560 2845 a
1587 2804 1732 2861 ajoute
1751 2821 1805 2846 en
1822 2821 1973 2863 margo

184 2880 297 2918 haec.
319 2870 396 2929 qui
412 2876 477 2913 est
494 2885 582 2912 une
603 2869 845 2912 correction
865 2869 1138 2927 quelconque
1155 2886 1164 2923 3
1187 2869 1292 2912 celle
1313 2870 1365 2912 de
1387 2870 1588 2928 Postgate
1609 2876 1672 2912 est
1695 2871 1792 2928 plus
1817 2873 1972 2930 simple

182 2943 231 2980 et
251 2937 350 2995 plus
375 2935 721 2979 vraisemblable.
753 2962 811 2968 —-
831 2936 903 2981 73.
929 2946 1012 2978 Nec
1036 2938 1086 2984 G,
1109 2947 1193 2979 Hec
1216 2938 1360 2979 Ambr.
1382 2937 1573 2994 (d'apres
1594 2937 1753 2994 Hiller)
1791 2940 1835 2987 V,
1871 2954 1973 2981 con-

187 3004 333 3046 fusion
353 3003 406 3045 de
422 3005 524 3048 Net
544 3003 597 3044 de
617 3005 674 3045 H.
701 3028 758 3035 --
784 3003 856 3047 75.
882 3011 958 3044 Hic
978 3001 1073 3055 AC,
1101 3013 1218 3045 Hunc
1235 3004 1378 3045 Ambr.
1393 3005 1439 3051 V,
1467 3013 1570 3045 Huic
1593 3005 1659 3057 Gy
1685 3004 1725 3046 la
1743 3005 1859 3047 faute
1871 3021 1973 3063 pro-

184 3070 307 3113 vient
326 3085 422 3112 sans
445 3069 578 3112 doute
602 3069 655 3111 de
685 3069 728 3112 la
757 3069 961 3127 presence
986 3069 1039 3111 de
1062 3079 1170 3112 hunc
1201 3069 1307 3111 dans
1330 3070 1370 3112 le
1390 3085 1485 3112 vers
1504 3086 1515 3124 3
1543 3079 1637 3112 huic
1661 3071 1714 3113 de
1737 3072 1779 3118 (ἶ
1797 3077 1860 3114 est
1883 3087 1971 3114 une

183 3136 428 3180 correction
451 3136 710 3193 fourvoyee3
739 3151 810 3178 car
832 3145 926 3178 huic
946 3135 1211 3193 designet-ait
1229 3135 1271 3178 le
1297 3136 1496 3179 vieillard
1521 3143 1564 3178 et
1586 3146 1692 3179 hunc
1728 3138 1966 3190 Marathus,

185 3218 236 3246 ce
263 3201 340 3261 qui
364 3208 427 3245 est
446 3202 714 3260 impossible.
738 3202 774 3244 Il
797 3203 891 3245 faut
910 3202 991 3244 lire
1012 3211 1109 3251 Hic;
1131 3211 1247 3244 Hic...
1274 3216 1415 3245 noster
1434 3219 1538 3253 puet·
1564 3222 1622 3240 z
1647 3213 1724 3247 Hic
1746 3215 1967 3252 Marathus,

188 3270 208 3312 I
231 3269 276 3323 8,
309 3284 359 3327 71
380 3285 391 3323 ;
415 3284 516 3311 avec
544 3278 726 3311 accubuit
761 3284 804 3311 se
829 3268 1110 3312 sous-entend
1139 3278 1177 3310 ei
1208 3271 1231 3310 ὲ
1255 3270 1360 3311 tirer
1394 3270 1447 3312 de
1477 3277 1587 3311 senis
1607 3270 1667 3312 du
1690 3287 1785 3314 vers
1810 3272 1883 3317 74.
1913 3299 1967 3304 -

188 3336 261 3382 81.
286 3348 367 3379 tum
391 3336 445 3384 ff,
471 3345 563 3377 dum
595 3337 799 3384 Ambr.V‚
838 3336 955 3377 faute
991 3335 1043 3377 de
1075 3335 1239 3377 lecture
1274 3336 1350 3392 qui
1375 3336 1551 3378 renvoie
1576 3338 1599 3378 ὲ
1621 3349 1728 3391 tum;
1759 3351 1839 3380 tum
1861 3354 1885 3380 a
1909 3355 1968 3396 pu

180 3403 365 3446 etonner
386 3402 427 3444 le
451 3401 588 3444 scribe
608 3402 705 3460 plus
729 3402 920 3444 familier
943 3417 1044 3445 avec
1066 3401 1106 3444 la
1132 3402 1272 3444 forme
1295 3415 1387 3445 tunc
1416 3429 1470 3435 —
1494 3417 1600 3458 pene
1633 3405 1679 3452 V,
1705 3405 1872 3463 corrige
1892 3421 1969 3463 par

181 3469 225 3512 la
243 3469 426 3512 seconde
445 3469 581 3511 main.
