2384 4062
1071 422 1286 456 'nnuma
1951 453 1953 455 .
1965 422 1984 456 1
1996 405 2027 458 8
2040 423 2060 457 1

282 531 473 586 Testis
505 530 648 584 Arar
682 529 1099 602 Rhodanusque
1135 530 1286 582 celer
1318 548 1666 604 magnusque
1695 529 1959 581 Garunna

435 619 696 674 Carnutis
731 629 787 671 et
818 617 948 670 flaui
982 618 1203 670 caerula
1236 618 1463 691 lympha
1495 618 1682 692 Liger.

283 710 370 763 An
402 720 479 772 te,
520 708 731 782 Cydne,
767 726 980 769 canam,
1018 706 1202 759 tacitis
1238 707 1333 779 qui
1367 707 1572 759 leniter
1603 705 1769 759 undis

436 797 741 852 Caeruleus
774 795 1009 869 placidis
1044 815 1146 867 per
1178 796 1321 848 uada
1354 796 1534 868 serpis
1569 794 1750 867 aquis,

283 888 544 954 Quantus
579 897 634 939 et
666 886 916 939 aetherio
951 884 1285 960 contingens
1318 885 1532 938 uertice
1566 886 1743 937 nubes
1772 948 1774 951 v
2002 900 2064 937 lo

433 976 699 1050 Frigidus
732 975 986 1027 intonsos
1021 975 1235 1027 Taurus
1271 974 1381 1027 alat
1415 974 1617 1028 Cilicas
1646 974 1669 1026 ‘?

285 1065 438 1132 Quid
471 1064 732 1126 referam,
769 1074 831 1116 ut
862 1062 1064 1116 uolitet
1094 1064 1320 1116 crebras
1353 1063 1563 1115 intacta
1595 1083 1699 1135 per
1731 1064 1901 1115 urbes

429 1154 574 1208 Alba
607 1152 922 1207 Palaestino
958 1163 1148 1205 sancta
1181 1152 1440 1206 columba
1478 1154 1616 1225 Syro

283 1245 468 1320 thue
503 1243 671 1296 maris
705 1253 923 1295 uastum
960 1253 1287 1314 prospectet
1318 1242 1569 1295 turribus
1605 1261 1814 1314 aequor

432 1332 618 1386 Prima
652 1343 827 1384 ratem
862 1332 1046 1385 uentis
1081 1331 1312 1384 credere
1349 1332 1513 1385 docta
1546 1333 1722 1404 Tyros
1999 1351 2066 1386 20

281 1423 479 1489 Qualis
515 1433 590 1485 et,
627 1432 848 1474 arentes
885 1441 1007 1473 cum
1044 1420 1208 1474 findit
1245 1421 1424 1474 Sirius
1459 1442 1646 1496 agr05‚

433 1511 659 1564 Fertilis
696 1511 905 1563 aestiua
941 1511 1098 1564 Nilus
1134 1511 1381 1576 abundet
1415 1512 1603 1582 aqua?

282 1600 408 1655 Nile
443 1611 623 1672 pater,
661 1619 898 1671 quanam
933 1599 1142 1671 possim
1178 1611 1231 1651 te
1268 1599 1455 1652 dicere
1491 1620 1654 1652 causa

431 1690 543 1743 Aut
576 1690 779 1762 quibus
814 1689 871 1742 in
905 1689 1073 1741 terris
1110 1689 1420 1742 occuluisse
1457 1691 1666 1761 caput?

278 1779 360 1832 Te
394 1790 629 1851 propter
662 1779 845 1831 nullos
880 1778 1047 1831 tellus
1083 1789 1175 1831 tua
1209 1778 1457 1850 postulat
1489 1779 1699 1831 imbres
1999 1799 2064 1831 24)

430 1868 604 1921 Arida
638 1888 740 1920 nec
775 1868 976 1921 Pluuio
1015 1868 1295 1940 supplicat
1328 1869 1503 1920 herba
1538 1868 1677 1931 Ioui,

278 1959 360 2011 Te
393 1958 543 2011 canit
575 1969 740 2031 atque
776 1979 935 2010 suum
972 1959 1149 2029 pubes
1185 1958 1418 2010 miratur
1454 1958 1662 2010 Osirim

432 2048 700 2110 Barbara,
737 2047 1085 2119 Memphiten
1121 2047 1389 2121 plangere
1425 2047 1587 2100 docta
1622 2049 1859 2100 bouem:

278 2137 502 2193 Primus
537 2147 719 2189 aratra
753 2156 916 2189 manu
954 2136 1170 2188 sollerti
1206 2135 1339 2188 secit
1374 2137 1553 2189 Osiris

430 2228 502 2279 Et
532 2237 782 2279 teneram
818 2226 967 2278 ferro
1003 2226 1329 2278 sollicitauit
1361 2227 1612 2289 humum,
1995 2229 2065 2279 30

276 2316 502 2370 Primus
536 2316 858 2387 inexpertae
894 2315 1175 2367 commisit
1208 2315 1420 2367 semina
1452 2326 1636 2368 terrae

432 2406 713 2477 Pomaque
747 2425 858 2457 non
894 2404 1042 2457 notis
1077 2404 1216 2479 legit
1242 2406 1309 2456 ab
1346 2405 1677 2469 arboribus;

279 2493 385 2548 Hic
419 2494 611 2547 docuit
642 2505 893 2546 teneram
928 2494 1071 2565 palis
1106 2494 1413 2568 adiungere
1447 2494 1643 2558 uitem,

433 2584 535 2636 Hic
572 2583 810 2636 uiridem
847 2583 986 2636 dura
1021 2584 1254 2636 caedere
1291 2583 1431 2637 salce
1467 2605 1717 2649 comam3

280 2673 372 2726 llli
404 2673 676 2726 iucundos
712 2673 954 2744 primum
991 2684 1205 2726 matura
1239 2693 1467 2746 sapores
1996 2674 2064 2725 35

967 2889 1119 2934 11-12.
1143 2891 1248 2932 Eme.
1276 2890 1387 2931 Fris.

345 3007 418 3052 11.
447 3016 663 3050 Rhodanus
693 3009 798 3049 Eoec.
838 3009 950 3051 Fris.
995 3010 1041 3056 V,
1086 3018 1274 3051 Rodanus
1312 3009 1455 3051 Ambr.
1492 3032 1549 3039 ——
1574 2979 1755 3056 qzronna
1794 3008 1898 3053 Eaec,
1933 3006 2064 3052 Fris„

273 3075 436 3124 ‹Jatfina
457 3074 619 3122 Ambra,
645 3091 842 3124 garumna
872 3076 919 3117 V.
943 3101 1002 3106 —
1035 3075 1106 3120 12.
1143 3084 1330 3117 Carnutis
1354 3077 1456 3118 Eaec.
1498 3076 1630 3125 Fris,
1668 3082 1832 3116 carnoti
1855 3073 1999 3116 Ambr.
2014 3075 2064 3115 V.

287 3165 343 3172 —
365 3139 438 3185 13.
466 3149 528 3181 An
556 3141 613 3192 (ζ’,
639 3142 879 3183 correction
903 3142 1156 3193 neccssaire‚
1183 3151 1236 3184 At
1259 3142 1402 3184 Ambr.
1418 3143 1465 3190 V.
1499 3140 1808 3198 interpolation
1831 3143 2072 3196 provenant

279 3205 340 3248 de
370 3206 534 3264 l'usage
565 3206 618 3248 de
652 3207 826 3249 Tibulle
864 3208 918 3250 de
952 3209 1096 3266 placer
1119 3215 1162 3250 at
1194 3209 1351 3250 devant
1387 3224 1449 3250 un
1484 3223 1687 3265 pronom,
1725 3216 1778 3248 At
1804 3219 1852 3254 te,
1889 3221 1984 3248 vers
2023 3205 2067 3250 7.

285 3297 341 3307 —
368 3273 444 3318 15.
475 3282 700 3320 (memet-eo
725 3276 870 3318 Ambr.
896 3277 943 3318 V.
969 3301 1026 3306 —
1049 3275 1121 3320 16.
1142 3285 1223 3317 a1at
1261 3276 1317 3331 G,
1357 3274 1598 3317 correction
1627 3274 1703 3331 qui
1736 3274 1954 3330 s’impose,
1981 3284 2074 3313 arat

242 3397 248 3403 ἢ
289 3340 432 3383 Ambr.
446 3342 491 3387 V,
518 3340 636 3382 faute
658 3347 898 3398 provenant
921 3341 974 3382 dc
1002 3357 1049 3383 cc
1070 3357 1155 3399 quc
1182 3342 1222 3383 le
1250 3357 1355 3383 nom
1389 3341 1712 3399 geographique
1737 3340 1904 3382 Taurus
1927 3340 2074 3397 preec-

288 3405 396 3448 dant
433 3406 812 3449 immediatement
846 3409 916 3449 n’a
950 3424 1024 3466 pas
1062 3409 1129 3449 etc
1164 3409 1353 3465 compris
1385 3414 1427 3449 et
1457 3423 1481 3450 a
1517 3408 1583 3449 όῑό
1617 3407 1707 3464 pris
1736 3422 1848 3464 pour
1881 3422 1943 3447 un
1968 3421 2072 3448 nom

279 3486 512 3515 commun.
539 3499 594 3505 —
618 3473 692 3519 28.
712 3483 957 3523 memphiten
983 3476 1019 3517 G
1042 3474 1118 3532 (de
1139 3475 1418 3532 correction),
1452 3483 1710 3523 memphitem
1735 3473 1877 3516 Ambr.
1894 3474 1939 3515 V.
