2384 4062
381 396 402 430 1
414 376 482 437 64
1149 393 1361 426 TIBULLE

371 504 563 566 Parce,
602 511 794 573 pater:
833 499 1089 552 timidum
1124 519 1235 551 non
1268 519 1353 552 me
1388 499 1633 571 periuria
1667 510 1900 564 terrent,

518 591 641 644 Non
675 590 824 642 dicta
856 589 916 640 in
949 599 1168 640 sanctos
1202 588 1374 659 impia
1405 590 1578 640 uerba
1612 588 1766 641 deos.

370 679 533 746 Quod
567 678 613 731 si
647 677 844 731 fatales
878 677 991 728 iam
1026 696 1173 728 nunc
1208 677 1552 748 expleuimus
1587 697 1809 751 annos„

518 769 627 820 Fac
659 766 801 838 lapis
836 765 1129 836 inscriptis
1165 775 1274 816 stet
1307 785 1474 836 super
1508 785 1632 817 ossa
1658 765 1840 818 notis:

377 878 402 908 «
439 855 540 908 Hic
573 855 717 907 iacet
748 853 952 906 immiti
987 864 1347 924 consumptus
1384 864 1561 906 morte
1597 854 1871 916 Tibullus,
2072 858 2141 910 55

519 942 835 996 Messallam
869 953 1019 994 terra
1052 942 1182 993 dum
1218 941 1580 1012 sequiturque
1615 942 1774 995 mari.
1816 964 1840 993 »

379 1032 489 1086 Sed
523 1052 631 1094 me,
670 1031 817 1104 quod
851 1030 1029 1083 facilis
1065 1041 1257 1082 tenero
1294 1051 1414 1082 sum
1450 1050 1670 1102 semper
1695 1031 1908 1094 Amori,

520 1122 646 1192 Ipsa
678 1121 864 1174 Venus
900 1138 1124 1189 campos
1160 1118 1326 1170 ducet
1358 1119 1416 1170 in
1450 1119 1705 1191 Elysios;

373 1210 474 1262 Hie
509 1210 743 1261 choreae
779 1218 1082 1279 cantusque
1117 1207 1313 1280 uigent
1346 1208 1662 1280 passimque
1697 1219 1963 1282 uagantes
1992 1267 1994 1270 y

519 1297 692 1349 Dulce
729 1306 928 1348 sonant
960 1296 1113 1347 tenui
1149 1306 1371 1369 gutture
1407 1316 1630 1348 carmen
1667 1317 1830 1361 aues3
2073 1298 2143 1352 60

372 1387 505 1439 Fert
537 1386 739 1438 casiam
775 1404 887 1436 non
919 1383 1065 1435 culta
1099 1403 1259 1457 seges
1294 1394 1550 1455 totosque
1586 1405 1687 1456 per
1721 1405 1887 1460 agros

522 1474 714 1526 Floret
747 1473 990 1525 odoratis
1026 1482 1175 1523 terra
1206 1472 1450 1546 benigna
1485 1473 1625 1525 rosis

375 1562 453 1632 Ac
487 1563 751 1615 iuuenum
787 1560 960 1612 series
994 1560 1203 1611 teneris
1237 1560 1487 1612 immixta
1521 1562 1722 1633 puellis

522 1650 688 1703 Ludit
721 1660 777 1701 et
811 1648 1038 1701 adsidue
1074 1648 1287 1720 proelia
1321 1649 1518 1701 miscet
1548 1649 1757 1714 Amor;

373 1739 492 1791 Illic
528 1749 631 1801 est,
671 1738 1002 1807 cuicumque
1038 1756 1206 1808 rapax
1239 1738 1391 1789 Mors
1425 1738 1582 1790 uenit
1616 1739 1842 1802 amanti,
1897 1744 1899 1746 ’
2073 1740 2142 1794 65

520 1828 591 1879 Et
627 1825 775 1900 gerit
809 1825 1020 1898 insigni
1055 1835 1266 1897 myrtea
1301 1836 1449 1878 serta
1482 1847 1657 1879 coma.
1891 1835 1897 1839 ’

374 1917 446 1969 At
478 1916 749 1968 scelerata
781 1914 927 1966 iacet
960 1913 1120 1966 sedes
1155 1915 1256 1965 sub
1291 1925 1452 1966 noete
1489 1915 1766 1986 profunda

519 2004 744 2066 Abdita,
784 2022 948 2074 quam
984 2002 1191 2054 circum
1227 2001 1452 2054 flumina
1483 2004 1644 2078 nigra
1679 2015 1896 2068 sonant,

370 2219 534 2261 marge,
581 2215 748 2251 repente
795 2202 961 2259 change
996 2217 1072 2258 par
1116 2207 1308 2259 grattage
1347 2217 1403 2243 en
1448 2215 1610 2251 reperte
1656 2204 1818 2251 Ambr„
1858 2216 2020 2253 reperte
2067 2205 2134 2254 V¹,

368 2280 490 2312 multa
522 2281 683 2318 reperta
705 2277 769 2309 uia
794 2269 834 2315 ff
853 2284 863 2321 ;
888 2268 1031 2310 Ambr.
1045 2270 1080 2311 V
1101 2268 1290 2309 confond
1306 2268 1551 2325 egalement
1569 2284 1594 2310 n
1611 2275 1653 2310 et
1685 2285 1718 2317 r,
1753 2269 1816 2311 III
1838 2269 1881 2321 ίι,
1918 2285 1967 2328 17
1985 2286 2143 2314 emersa

368 2352 480 2394 pour
503 2351 663 2378 emensa
684 2350 694 2388 ;
721 2335 763 2376 la
787 2335 1027 2376 correction
1047 2334 1100 2374 de
1128 2335 1168 2380 G
1188 2340 1251 2376 est
1274 2349 1361 2376 une
1394 2335 1633 2377 correction
1658 2336 1889 2393 fourvoyee
1907 2352 1919 2390 ;
1948 2353 2055 2380 nune
2072 2347 2143 2380 leti

368 2412 476 2445 misse
499 2414 665 2451 repente
689 2410 778 2442 uiae
795 2420 851 2437 z
870 2417 977 2442 nunc
1008 2409 1116 2441 mine
1139 2409 1374 2449 repentinae
1413 2409 1502 2442 uiae
1521 2410 1602 2448 Ieti,
1634 2403 1754 2444 mille
1776 2403 1894 2445 voies
1922 2402 2142 2447 s’ouvrent

371 2469 447 2526 qui
473 2471 651 2510 menent
673 2467 987 2524 brusquement
1011 2469 1034 2508 a
1057 2467 1099 2508 la
1123 2473 1252 2509 mort.

1039 2598 1199 2644 59-62.
1233 2601 1338 2641 Eoec.
1374 2601 1477 2641 Par.

432 2712 504 2757 63.
525 2721 583 2754 Ae
605 2712 768 2760 Ambr.,
793 2720 845 2752 At
869 2713 904 2754 V
922 2726 933 2764 3
962 2726 1009 2752 ac
1029 2715 1091 2752 est
1113 2709 1353 2767 preferable
1376 2725 1503 2767 parce
1526 2710 1656 2768 qu’en
1677 2726 1744 2753 cas
1764 2711 1816 2754 de
1831 2718 2007 2772 partage
2023 2718 2145 2756 entre
2214 2760 2216 2764 v

372 2780 514 2822 Ambr.
543 2783 586 2820 et
613 2780 647 2821 V
666 2778 767 2820 c'est
788 2793 842 2819 en
868 2776 1040 2834 general
1060 2777 1200 2819 Ambr.
1225 2776 1333 2833 qu’il
1357 2777 1449 2819 faut
1473 2777 1614 2818 suivre
1637 2783 1680 2820 et
1703 2783 1873 2820 surtout
1886 2794 2014 2836 parce
2037 2780 2145 2838 qu'il

373 2845 446 2903 n'y
469 2860 493 2887 a
515 2860 589 2902 pas
609 2844 665 2886 ici
686 2845 726 2886 la
745 2844 843 2902 plus
864 2844 1010 2901 legere
1033 2843 1278 2900 opposition
1296 2858 1307 2896 3
1332 2843 1607 2900 l’opposition
1633 2849 1753 2886 entre
1777 2844 1836 2887 les
1855 2854 2020 2889 iuuenes
2042 2852 2085 2889 et
2097 2862 2145 2890 ce

373 2912 450 2969 qui
473 2911 654 2970 precede
675 2911 803 2953 serait
822 2910 1022 2952 ridicule.

1051 3042 1207 3088 67-72.
1238 3044 1342 3085 Eme.
1370 3044 1475 3087 Par.

431 3155 503 3199 67.
531 3165 603 3196 sub
628 3156 730 3196 Eaec.
755 3156 877 3202 Ραι·.,
903 3163 944 3196 in
962 3155 1105 3197 Ambr.
1120 3155 1165 3202 V,
1187 3153 1493 3210 interpolation
1510 3168 1635 3211 parce
1652 3169 1736 3211 que
1755 3163 1797 3196 in
1824 3170 1847 3197 a
1871 3170 1978 3213 paru
1996 3157 2144 3199 mieux

371 3221 577 3263 convenir
597 3236 652 3262 au
673 3236 767 3262 sens
788 3237 798 3274 ;
826 3220 886 3262 les
910 3222 1012 3263 Eme.
1042 3221 1146 3263 Par.
1173 3235 1227 3261 ne
1251 3226 1347 3261 sont
1370 3235 1444 3276 pas
1466 3219 1522 3261 ici
1547 3226 1735 3277 suspects
1759 3220 2112 3279 d’interpolation
2135 3240 2148 3279 3

372 3298 457 3334 sub,
483 3287 558 3343 qui
581 3293 643 3329 est
661 3287 701 3328 la
723 3288 837 3329 lectio
855 3287 1074 3343 difficilior,
1105 3292 1167 3328 est
1190 3288 1275 3328 tres
1295 3286 1401 3327 latin
1426 3286 1530 3328 dans
1545 3286 1584 3327 le
1602 3302 1696 3328 sens
1719 3286 1772 3328 de
1794 3304 1802 3328 :
1831 3290 1854 3330 a
1870 3287 1911 3330 la
1924 3289 2063 3346 partie
2075 3290 2146 3331 in-

371 3354 556 3395 ferieure
570 3353 638 3394 de.
652 3378 709 3385 —·
719 3353 791 3398 68.
806 3361 954 3395 circum
968 3353 1109 3394 Ambr.
1125 3355 1173 3404 V,
1186 3362 1292 3394 circa
1309 3354 1412 3395 Eme.
1429 3353 1532 3394 Par.
1549 3368 1559 3405 ;
1580 3352 1742 3410 l'usage
1754 3353 1807 3395 de
1820 3353 1990 3396 Tibulle
2003 3357 2142 3412 parait

371 3419 462 3462 stre
475 3419 615 3477 plutot
628 3435 681 3461 on
696 3420 844 3461 faveur
856 3419 909 3461 de
926 3428 1075 3461 circum
1090 3434 1099 3468 ;
1119 3419 1150 3460 il
1167 3419 1353 3476 emploie
1371 3419 1482 3460 deux
1500 3419 1581 3461 fois
1594 3428 1742 3462 circum
1758 3421 2004 3478 postpose‚1
2025 3435 2065 3475 1,
2084 3422 2138 3466 23
